"                         Caixa Econômica Federal",,,,
"                              GovConta Caixa",,,,
"                     Extrato das Contas Individuais",,,,
,,,,
"Conta de Referência..: 0316/006/00624053-1 FUNDO MUNICIPAL DE SAUDE        ",,,,
"Data de Solicitação..: 11/05/2021 04:14:49 PM",,,,
"Data de Referência...: 01/03/2020 - 31/03/2020",,,,
,,,,
"Data Mov",Nr.Doc,Histórico,"Valor (R$)","Saldo (R$)"
2020/03/01,-,"SALDO ANTERIOR",-,0
2020/03/02,1,"CRED TED",20400,20400
2020/03/02,1,"CRED TED",483.93,20883.93
2020/03/02,20958,"ENVIO TEV","4.673,64D",16210.29
2020/03/02,20958,"ENVIO TEV","5.720,26D",10490.03
2020/03/02,20958,"ENVIO TEV","10.196,28D",293.75
2020/03/02,131885,"ENVIO TED","1.152,00D","858,25D"
2020/03/02,134353,"ENVIO TED","213,60D","1.071,85D"
2020/03/02,136301,"ENVIO TED","950,00D","2.021,85D"
2020/03/02,137991,"ENVIO TED","3.193,10D","5.214,95D"
2020/03/02,163711,"ENVIO TED","1.255,00D","6.469,95D"
2020/03/02,164310,"ENVIO TED","113.600,00D","120.069,95D"
2020/03/02,165151,"ENVIO TED","2.288,00D","122.357,95D"
2020/03/02,727220,"RESG AUTOM",122357.95,0
2020/03/03,120746,"ENVIO TED","217.500,00D","217.500,00D"
2020/03/03,121359,"ENVIO TED","500.000,00D","717.500,00D"
2020/03/03,121649,"ENVIO TED","198.153,86D","915.653,86D"
2020/03/03,122127,"ENVIO TED","36.846,57D","952.500,43D"
2020/03/03,122734,"ENVIO TED","71.278,09D","1.023.778,52D"
2020/03/03,123121,"ENVIO TED","139.878,49D","1.163.657,01D"
2020/03/03,123571,"ENVIO TED","39.672,52D","1.203.329,53D"
2020/03/03,125935,"ENVIO TED","100.000,00D","1.303.329,53D"
2020/03/03,126314,"ENVIO TED","55.225,40D","1.358.554,93D"
2020/03/03,126956,"ENVIO TED","7.463,50D","1.366.018,43D"
2020/03/03,727220,"RESG AUTOM",1366018.43,0
2020/03/04,1,"CRED TED",28944.09,28944.09
2020/03/04,1,"CRED TED",146475,175419.09
2020/03/04,1,"CRED TED",1400,176819.09
2020/03/04,1,"CRED TED",26600,203419.09
2020/03/04,40938,"ENVIO TEV","58,89D",203360.2
2020/03/04,112109,"ENVIO TED","397,32D",202962.88
2020/03/04,112549,"ENVIO TED","83,10D",202879.78
2020/03/04,112726,"ENVIO TED","490,84D",202388.94
2020/03/04,112900,"ENVIO TED","1.331,18D",201057.76
2020/03/04,113055,"ENVIO TED","548,59D",200509.17
2020/03/04,113244,"ENVIO TED","2.367,35D",198141.82
2020/03/04,113443,"ENVIO TED","73,20D",198068.62
2020/03/04,113619,"ENVIO TED","522,25D",197546.37
2020/03/04,113777,"ENVIO TED","1.209,26D",196337.11
2020/03/04,113991,"ENVIO TED","5.179,87D",191157.24
2020/03/04,114404,"ENVIO TED","697,99D",190459.25
2020/03/04,114697,"ENVIO TED","17.419,00D",173040.25
2020/03/04,114887,"ENVIO TED","798,00D",172242.25
2020/03/04,117668,"ENVIO TED","7.170,68D",165071.57
2020/03/04,119318,"ENVIO TED","33.313,46D",131758.11
2020/03/04,122502,"ENVIO TED","4.237,20D",127520.91
2020/03/04,122837,"ENVIO TED","2.641,56D",124879.35
2020/03/04,123094,"ENVIO TED","922,11D",123957.24
2020/03/04,123949,"ENVIO TED","283,90D",123673.34
2020/03/04,124473,"ENVIO TED","3.180,00D",120493.34
2020/03/04,126027,"ENVIO TED","533,06D",119960.28
2020/03/04,126586,"ENVIO TED","239,90D",119720.38
2020/03/04,126794,"ENVIO TED","625,00D",119095.38
2020/03/04,169214,"ENVIO TED","1.780,00D",117315.38
2020/03/04,990001,"APL AUTOM","117.315,38D",0
2020/03/05,1,"CRED TED",7997710.58,7997710.58
2020/03/05,1,"CRED TED",30872.13,8028582.71
2020/03/05,1,"CRED TED",172200,8200782.71
2020/03/05,1,"CRED TED",207735.33,8408518.04
2020/03/05,1,"CRED TED",742124.01,9150642.05
2020/03/05,51041,"ENVIO TEV","948.852,75D",8201789.3
2020/03/05,51041,"ENVIO TEV","1.365.405,45D",6836383.85
2020/03/05,51332,"ENVIO TEV","150.000,00D",6686383.85
2020/03/05,51332,"ENVIO TEV","191.940,00D",6494443.85
2020/03/05,121787,"ENVIO TED","18.980,20D",6475463.65
2020/03/05,122038,"ENVIO TED","2.425,00D",6473038.65
2020/03/05,122269,"ENVIO TED","3.514,72D",6469523.93
2020/03/05,122514,"ENVIO TED","1.820,00D",6467703.93
2020/03/05,122709,"ENVIO TED","402,58D",6467301.35
2020/03/05,122938,"ENVIO TED","4.881,66D",6462419.69
2020/03/05,123278,"ENVIO TED","68.826,88D",6393592.81
2020/03/05,123612,"ENVIO TED","1.040,00D",6392552.81
2020/03/05,123801,"ENVIO TED","266,16D",6392286.65
2020/03/05,124024,"ENVIO TED","133,08D",6392153.57
2020/03/05,126150,"ENVIO TED","480,00D",6391673.57
2020/03/05,990001,"APL AUTOM","6.391.673,57D",0
2020/03/06,118538,"DEVOL TED",179637.1,179637.1
2020/03/06,146986,"PAG BOLETO","1.000,00D",178637.1
2020/03/06,60933,"ENVIO TEV","203.291,10D","24.654,00D"
2020/03/06,114077,"ENVIO TED","12.560,50D","37.214,50D"
2020/03/06,114553,"ENVIO TED","12.560,50D","49.775,00D"
2020/03/06,115406,"ENVIO TED","2.691,17D","52.466,17D"
2020/03/06,115650,"ENVIO TED","8.317,00D","60.783,17D"
2020/03/06,115915,"ENVIO TED","7.756,86D","68.540,03D"
2020/03/06,116164,"ENVIO TED","1.650,00D","70.190,03D"
2020/03/06,116476,"ENVIO TED","8.961,10D","79.151,13D"
2020/03/06,116753,"ENVIO TED","9.975,85D","89.126,98D"
2020/03/06,117031,"ENVIO TED","6.655,92D","95.782,90D"
2020/03/06,117404,"ENVIO TED","5.132,36D","100.915,26D"
2020/03/06,118149,"ENVIO TED","486.890,77D","587.806,03D"
2020/03/06,118538,"ENVIO TED","179.637,10D","767.443,13D"
2020/03/06,118852,"ENVIO TED","11.736,39D","779.179,52D"
2020/03/06,119205,"ENVIO TED","12.654,67D","791.834,19D"
2020/03/06,119583,"ENVIO TED","19.658,10D","811.492,29D"
2020/03/06,119834,"ENVIO TED","330,00D","811.822,29D"
2020/03/06,120166,"ENVIO TED","6.728,15D","818.550,44D"
2020/03/06,124114,"ENVIO TED","4.995,09D","823.545,53D"
2020/03/06,124425,"ENVIO TED","3.180,00D","826.725,53D"
2020/03/06,124905,"ENVIO TED","1.652,00D","828.377,53D"
2020/03/06,125159,"ENVIO TED","1.230,87D","829.608,40D"
2020/03/06,125799,"ENVIO TED","16.596,30D","846.204,70D"
2020/03/06,150616,"ENVIO TED","161.429,82D","1.007.634,52D"
2020/03/06,161524,"ENVIO TED","120,00D","1.007.754,52D"
2020/03/06,727220,"RESG AUTOM",1007754.52,0
2020/03/09,1,"CRED TED",7500,7500
2020/03/09,90920,"ENVIO TEV","1.087.062,84D","1.079.562,84D"
2020/03/09,90920,"ENVIO TEV","23.675,50D","1.103.238,34D"
2020/03/09,90951,"ENVIO TEV","500.000,00D","1.603.238,34D"
2020/03/09,151920,"ENVIO TED","488,00D","1.603.726,34D"
2020/03/09,152381,"ENVIO TED","2.171,44D","1.605.897,78D"
2020/03/09,152813,"ENVIO TED","10.155,00D","1.616.052,78D"
2020/03/09,153035,"ENVIO TED","2.488,00D","1.618.540,78D"
2020/03/09,154214,"ENVIO TED","21.781,27D","1.640.322,05D"
2020/03/09,154495,"ENVIO TED","11.627,51D","1.651.949,56D"
2020/03/09,154813,"ENVIO TED","2.044,15D","1.653.993,71D"
2020/03/09,155154,"ENVIO TED","10.279,53D","1.664.273,24D"
2020/03/09,158221,"ENVIO TED","5.544,00D","1.669.817,24D"
2020/03/09,165010,"ENVIO TED","179.637,10D","1.849.454,34D"
2020/03/09,727220,"RESG AUTOM",1849454.34,0
2020/03/10,1,"CRED TED",86970,86970
2020/03/10,306477,"PAG BOLETO","8.505,00D",78465
2020/03/10,100915,"ENVIO TEV","148.015,10D","69.550,10D"
2020/03/10,101008,"ENVIO TEV","3.915,00D","73.465,10D"
2020/03/10,111365,"ENVIO TED","1.375,16D","74.840,26D"
2020/03/10,112196,"ENVIO TED","4.454,89D","79.295,15D"
2020/03/10,112593,"ENVIO TED","21.869,46D","101.164,61D"
2020/03/10,112918,"ENVIO TED","1.619,96D","102.784,57D"
2020/03/10,132869,"ENVIO TED","460,80D","103.245,37D"
2020/03/10,143678,"ENVIO TED","448,51D","103.693,88D"
2020/03/10,144151,"ENVIO TED","139.945,68D","243.639,56D"
2020/03/10,171781,"ENVIO TED","1.317,84D","244.957,40D"
2020/03/10,727220,"RESG AUTOM",244957.4,0
2020/03/11,114981,"ENVIO TED","16.831,13D","16.831,13D"
2020/03/11,115179,"ENVIO TED","763,37D","17.594,50D"
2020/03/11,115853,"ENVIO TED","748,93D","18.343,43D"
2020/03/11,116081,"ENVIO TED","7.263,14D","25.606,57D"
2020/03/11,131381,"ENVIO TED","171,78D","25.778,35D"
2020/03/11,727220,"RESG AUTOM",25778.35,0
2020/03/12,109381,"ENVIO TED","2.400,00D","2.400,00D"
2020/03/12,109877,"ENVIO TED","60,00D","2.460,00D"
2020/03/12,110186,"ENVIO TED","208,32D","2.668,32D"
2020/03/12,120835,"ENVIO TEV","25,00D","2.693,32D"
2020/03/12,143171,"ENVIO TED","478,80D","3.172,12D"
2020/03/12,727220,"RESG AUTOM",3172.12,0
2020/03/13,1,"CRED TED",204243.98,204243.98
2020/03/13,1,"CRED TED",68445.8,272689.78
2020/03/13,129017,"DEVOL TED",400,273089.78
2020/03/13,124502,"ENVIO TED","64.458,80D",208630.98
2020/03/13,124777,"ENVIO TED","3.275,00D",205355.98
2020/03/13,125176,"ENVIO TED","1.085,10D",204270.88
2020/03/13,125599,"ENVIO TED","12.152,70D",192118.18
2020/03/13,126523,"ENVIO TED","25,00D",192093.18
2020/03/13,126846,"ENVIO TED","146,72D",191946.46
2020/03/13,127107,"ENVIO TED","300,00D",191646.46
2020/03/13,127519,"ENVIO TED","265,60D",191380.86
2020/03/13,128304,"ENVIO TED","60,00D",191320.86
2020/03/13,129017,"ENVIO TED","400,00D",190920.86
2020/03/13,129282,"ENVIO TED","60,00D",190860.86
2020/03/13,130955,"ENVIO TEV","4.999,05D",185861.81
2020/03/13,131001,"ENVIO TEV","5.820,16D",180041.65
2020/03/13,131001,"ENVIO TEV","10.716,89D",169324.76
2020/03/13,131304,"ENVIO TEV","11.294,15D",158030.61
2020/03/13,131304,"ENVIO TEV","925,75D",157104.86
2020/03/13,131304,"ENVIO TEV","555,45D",156549.41
2020/03/13,990001,"APL AUTOM","156.549,41D",0
2020/03/16,113533,"ENVIO TED","20.705,00D","20.705,00D"
2020/03/16,158674,"ENVIO TED","8.359,13D","29.064,13D"
2020/03/16,159254,"ENVIO TED","8.232,00D","37.296,13D"
2020/03/16,159787,"ENVIO TED","438,00D","37.734,13D"
2020/03/16,160125,"ENVIO TED","100,00D","37.834,13D"
2020/03/16,160724,"ENVIO TED","7.177,44D","45.011,57D"
2020/03/16,161119,"ENVIO TED","4.539,06D","49.550,63D"
2020/03/16,161774,"ENVIO TED","2.250,00D","51.800,63D"
2020/03/16,727220,"RESG AUTOM",51800.63,0
2020/03/17,124420,"ENVIO TED","1.640,00D","1.640,00D"
2020/03/17,125383,"ENVIO TED","820,00D","2.460,00D"
2020/03/17,125974,"ENVIO TED","1.640,00D","4.100,00D"
2020/03/17,126561,"ENVIO TED","761,00D","4.861,00D"
2020/03/17,140724,"ENVIO TED","400,00D","5.261,00D"
2020/03/17,727220,"RESG AUTOM",5261,0
2020/03/18,1,"CRED TED",98433.29,98433.29
2020/03/18,113545,"ENVIO TED","260,00D",98173.29
2020/03/18,113722,"ENVIO TED","19.658,10D",78515.19
2020/03/18,113990,"ENVIO TED","6.630,00D",71885.19
2020/03/18,114176,"ENVIO TED","3.120,00D",68765.19
2020/03/18,115368,"ENVIO TED","400,00D",68365.19
2020/03/18,990001,"APL AUTOM","68.365,19D",0
2020/03/19,110655,"DEVOL TED",192,192
2020/03/19,110501,"ENVIO TED","229,37D","37,37D"
2020/03/19,110655,"ENVIO TED","192,00D","229,37D"
2020/03/19,110881,"ENVIO TED","150,00D","379,37D"
2020/03/19,111046,"ENVIO TED","11.600,00D","11.979,37D"
2020/03/19,111214,"ENVIO TED","3.420,00D","15.399,37D"
2020/03/19,111544,"ENVIO TED","330,00D","15.729,37D"
2020/03/19,111738,"ENVIO TED","6.728,15D","22.457,52D"
2020/03/19,112069,"ENVIO TED","52.397,52D","74.855,04D"
2020/03/19,112193,"ENVIO TED","1.640,00D","76.495,04D"
2020/03/19,112314,"ENVIO TED","242,00D","76.737,04D"
2020/03/19,190926,"ENVIO TEV","35.200,00D","111.937,04D"
2020/03/19,190926,"ENVIO TEV","35.200,00D","147.137,04D"
2020/03/19,727220,"RESG AUTOM",147137.04,0
2020/03/20,1,"CRED TED",8416.67,8416.67
2020/03/20,1,"CRED TED",18700,27116.67
2020/03/20,120237,"ENVIO TED","155,89D",26960.78
2020/03/20,120443,"ENVIO TED","35,00D",26925.78
2020/03/20,120704,"ENVIO TED","35,00D",26890.78
2020/03/20,120941,"ENVIO TED","35,00D",26855.78
2020/03/20,122441,"ENVIO TED","865,00D",25990.78
2020/03/20,122655,"ENVIO TED","2.011,87D",23978.91
2020/03/20,122886,"ENVIO TED","4.214,09D",19764.82
2020/03/20,123542,"ENVIO TED","5.838,56D",13926.26
2020/03/20,124074,"ENVIO TED","5.750,00D",8176.26
2020/03/20,201017,"ENVIO TEV","25,00D",8151.26
2020/03/20,201017,"ENVIO TEV","6.325,66D",1825.6
2020/03/20,990001,"APL AUTOM","1.825,60D",0
2020/03/23,119151,"DEVOL TED",381.98,381.98
2020/03/23,841249,"PG LUZ/GAS","941,95D","559,97D"
2020/03/23,841255,"PG LUZ/GAS","1.577,41D","2.137,38D"
2020/03/23,119151,"ENVIO TED","381,98D","2.519,36D"
2020/03/23,119349,"ENVIO TED","1.659,59D","4.178,95D"
2020/03/23,119527,"ENVIO TED","2.098,99D","6.277,94D"
2020/03/23,119831,"ENVIO TED","520,00D","6.797,94D"
2020/03/23,120003,"ENVIO TED","448,40D","7.246,34D"
2020/03/23,183549,"ENVIO TED","2.940,00D","10.186,34D"
2020/03/23,230924,"ENVIO TEV","2.702,58D","12.888,92D"
2020/03/23,727220,"RESG AUTOM",12888.92,0
2020/03/24,1,"CRED TED",46141.12,46141.12
2020/03/24,151601,"DEVOL TED",381.98,46523.1
2020/03/24,104100,"ENVIO TED","30.547,75D",15975.35
2020/03/24,104269,"ENVIO TED","5.423,43D",10551.92
2020/03/24,104377,"ENVIO TED","17.002,51D","6.450,59D"
2020/03/24,104640,"ENVIO TED","10.997,20D","17.447,79D"
2020/03/24,104728,"ENVIO TED","25.527,69D","42.975,48D"
2020/03/24,112588,"ENVIO TED","78.350,78D","121.326,26D"
2020/03/24,112717,"ENVIO TED","59.947,92D","181.274,18D"
2020/03/24,112883,"ENVIO TED","12.000,00D","193.274,18D"
2020/03/24,113141,"ENVIO TED","46.141,12D","239.415,30D"
2020/03/24,113278,"ENVIO TED","323.654,14D","563.069,44D"
2020/03/24,151601,"ENVIO TED","381,98D","563.451,42D"
2020/03/24,175850,"ENVIO TED","87.500,00D","650.951,42D"
2020/03/24,240817,"ENVIO TEV","82.260,00D","733.211,42D"
2020/03/24,241440,"ENVIO TEV","59.999,67D","793.211,09D"
2020/03/24,727220,"RESG AUTOM",793211.09,0
2020/03/25,142739,"ENVIO TED","381,98D","381,98D"
2020/03/25,146940,"ENVIO TED","11.340,48D","11.722,46D"
2020/03/25,147316,"ENVIO TED","15.791,38D","27.513,84D"
2020/03/25,147643,"ENVIO TED","3.106,71D","30.620,55D"
2020/03/25,150752,"ENVIO TED","12.412,38D","43.032,93D"
2020/03/25,151279,"ENVIO TED","7.177,44D","50.210,37D"
2020/03/25,151772,"ENVIO TED","7.560,00D","57.770,37D"
2020/03/25,151981,"ENVIO TED","16.829,00D","74.599,37D"
2020/03/25,152572,"ENVIO TED","9.805,90D","84.405,27D"
2020/03/25,152704,"ENVIO TED","10.918,20D","95.323,47D"
2020/03/25,152855,"ENVIO TED","3.019,80D","98.343,27D"
2020/03/25,153064,"ENVIO TED","3.019,80D","101.363,07D"
2020/03/25,153296,"ENVIO TED","12.494,05D","113.857,12D"
2020/03/25,153455,"ENVIO TED","18.394,74D","132.251,86D"
2020/03/25,153601,"ENVIO TED","140,00D","132.391,86D"
2020/03/25,154401,"ENVIO TED","7.500,00D","139.891,86D"
2020/03/25,154600,"ENVIO TED","39.443,09D","179.334,95D"
2020/03/25,154792,"ENVIO TED","1.918,80D","181.253,75D"
2020/03/25,154954,"ENVIO TED","1.023,41D","182.277,16D"
2020/03/25,155068,"ENVIO TED","9.338,16D","191.615,32D"
2020/03/25,155244,"ENVIO TED","1.572,16D","193.187,48D"
2020/03/25,155866,"ENVIO TED","3.880,80D","197.068,28D"
2020/03/25,156017,"ENVIO TED","935,00D","198.003,28D"
2020/03/25,156177,"ENVIO TED","19.748,18D","217.751,46D"
2020/03/25,156363,"ENVIO TED","21.636,40D","239.387,86D"
2020/03/25,156500,"ENVIO TED","283,90D","239.671,76D"
2020/03/25,156670,"ENVIO TED","878,30D","240.550,06D"
2020/03/25,156799,"ENVIO TED","374,22D","240.924,28D"
2020/03/25,157326,"ENVIO TED","311,06D","241.235,34D"
2020/03/25,157514,"ENVIO TED","42,00D","241.277,34D"
2020/03/25,157781,"ENVIO TED","25,00D","241.302,34D"
2020/03/25,157981,"ENVIO TED","100,00D","241.402,34D"
2020/03/25,158136,"ENVIO TED","253,13D","241.655,47D"
2020/03/25,158603,"ENVIO TED","27.500,00D","269.155,47D"
2020/03/25,158767,"ENVIO TED","3.643,00D","272.798,47D"
2020/03/25,158890,"ENVIO TED","976,00D","273.774,47D"
2020/03/25,159128,"ENVIO TED","2.508,00D","276.282,47D"
2020/03/25,159257,"ENVIO TED","777,00D","277.059,47D"
2020/03/25,160035,"ENVIO TED","1.660,50D","278.719,97D"
2020/03/25,160147,"ENVIO TED","20.018,89D","298.738,86D"
2020/03/25,160559,"ENVIO TED","134,80D","298.873,66D"
2020/03/25,160852,"ENVIO TED","310,04D","299.183,70D"
2020/03/25,161619,"ENVIO TED","12.684,68D","311.868,38D"
2020/03/25,251323,"ENVIO TEV","3.969,00D","315.837,38D"
2020/03/25,251323,"ENVIO TEV","3.019,80D","318.857,18D"
2020/03/25,251323,"ENVIO TEV","19.528,75D","338.385,93D"
2020/03/25,727220,"RESG AUTOM",338385.93,0
2020/03/26,110711,"ENVIO TED","229.843,94D","229.843,94D"
2020/03/26,727220,"RESG AUTOM",229843.94,0
2020/03/27,186584,"ENVIO TED","473.900,00D","473.900,00D"
2020/03/27,727220,"RESG AUTOM",473900,0
2020/03/31,1,"CRED TED",829620,829620
2020/03/31,187317,"ENVIO TED","23.355,38D",806264.62
2020/03/31,990001,"APL AUTOM","806.264,62D",0
2020/03/31,-,"SALDO FINAL",-,0
"                         Caixa Econômica Federal",,,,
"                              GovConta Caixa",,,,
"                     Extrato das Contas Individuais",,,,
,,,,
"Conta de Referência..: 0316/006/00624053-1 FUNDO MUNICIPAL DE SAUDE        ",,,,
"Data de Solicitação..: 11/05/2021 04:26:14 PM",,,,
"Data de Referência...: 01/04/2020 - 30/04/2020",,,,
,,,,
"Data Mov",Nr.Doc,Histórico,"Valor (R$)","Saldo (R$)"
2020/04/01,-,"SALDO ANTERIOR",-,0
2020/04/01,227771,"PAG BOLETO","1.085,00D","1.085,00D"
2020/04/01,128137,"ENVIO TED","798,00D","1.883,00D"
2020/04/01,128533,"ENVIO TED","3.674,48D","5.557,48D"
2020/04/01,128801,"ENVIO TED","351,72D","5.909,20D"
2020/04/01,129043,"ENVIO TED","2.100,00D","8.009,20D"
2020/04/01,129563,"ENVIO TED","2.328,00D","10.337,20D"
2020/04/01,129815,"ENVIO TED","5.378,10D","15.715,30D"
2020/04/01,147863,"ENVIO TED","195.750,00D","211.465,30D"
2020/04/01,148087,"ENVIO TED","500.000,00D","711.465,30D"
2020/04/01,148277,"ENVIO TED","198.153,86D","909.619,16D"
2020/04/01,148455,"ENVIO TED","1.640,00D","911.259,16D"
2020/04/01,149448,"ENVIO TED","150,00D","911.409,16D"
2020/04/01,149659,"ENVIO TED","860,00D","912.269,16D"
2020/04/01,149846,"ENVIO TED","31.550,83D","943.819,99D"
2020/04/01,150053,"ENVIO TED","11.571,24D","955.391,23D"
2020/04/01,727220,"RESG AUTOM",955391.23,0
2020/04/02,1,"CRED TED",7635593.23,7635593.23
2020/04/02,1,"CRED TED",26600,7662193.23
2020/04/02,1,"CRED TED",207735.33,7869928.56
2020/04/02,1,"CRED TED",1400,7871328.56
2020/04/02,1,"CRED TED",30872.13,7902200.69
2020/04/02,1,"CRED TED",18700,7920900.69
2020/04/02,1,"CRED TED",742124.01,8663024.7
2020/04/02,1,"CRED TED",169400,8832424.7
2020/04/02,1,"CRED TED",62770,8895194.7
2020/04/02,1,"CRED TED",204243.98,9099438.68
2020/04/02,21022,"ENVIO TEV","2.213.990,00D",6885448.68
2020/04/02,21022,"ENVIO TEV","150.000,00D",6735448.68
2020/04/02,21022,"ENVIO TEV","52.636,77D",6682811.91
2020/04/02,21022,"ENVIO TEV","191.940,00D",6490871.91
2020/04/02,130788,"ENVIO TED","12.840,00D",6478031.91
2020/04/02,131084,"ENVIO TED","133,09D",6477898.82
2020/04/02,131362,"ENVIO TED","980,00D",6476918.82
2020/04/02,131936,"ENVIO TED","337,50D",6476581.32
2020/04/02,132845,"ENVIO TED","36.846,57D",6439734.75
2020/04/02,134710,"ENVIO TED","922,11D",6438812.64
2020/04/02,136053,"ENVIO TED","39.672,52D",6399140.12
2020/04/02,136428,"ENVIO TED","12.654,67D",6386485.45
2020/04/02,136915,"ENVIO TED","9.839,71D",6376645.74
2020/04/02,990001,"APL AUTOM","6.376.645,74D",0
2020/04/03,1,"CRED TED",146475,146475
2020/04/03,1,"CRED TED",28944.09,175419.09
2020/04/03,116837,"ENVIO TED","174.263,19D",1155.9
2020/04/03,990001,"APL AUTOM","1.155,90D",0
2020/04/06,1,"CRED TED",7500,7500
2020/04/06,990001,"APL AUTOM","7.500,00D",0
2020/04/07,71041,"ENVIO TEV","50,00D","50,00D"
2020/04/07,71049,"ENVIO TEV","203.291,10D","203.341,10D"
2020/04/07,131191,"ENVIO TED","155.225,40D","358.566,50D"
2020/04/07,131423,"ENVIO TED","139.878,49D","498.444,99D"
2020/04/07,131629,"ENVIO TED","749,81D","499.194,80D"
2020/04/07,131880,"ENVIO TED","6.655,92D","505.850,72D"
2020/04/07,132584,"ENVIO TED","12.560,50D","518.411,22D"
2020/04/07,132776,"ENVIO TED","12.560,50D","530.971,72D"
2020/04/07,132985,"ENVIO TED","2.691,17D","533.662,89D"
2020/04/07,134465,"ENVIO TED","8.317,00D","541.979,89D"
2020/04/07,134675,"ENVIO TED","8.961,10D","550.940,99D"
2020/04/07,134980,"ENVIO TED","1.650,00D","552.590,99D"
2020/04/07,135175,"ENVIO TED","7.756,86D","560.347,85D"
2020/04/07,135374,"ENVIO TED","9.975,85D","570.323,70D"
2020/04/07,135549,"ENVIO TED","5.132,36D","575.456,06D"
2020/04/07,135948,"ENVIO TED","133,09D","575.589,15D"
2020/04/07,137499,"ENVIO TED","575,00D","576.164,15D"
2020/04/07,137619,"ENVIO TED","1.680,00D","577.844,15D"
2020/04/07,137769,"ENVIO TED","1.283,45D","579.127,60D"
2020/04/07,138005,"ENVIO TED","47,75D","579.175,35D"
2020/04/07,138161,"ENVIO TED","393,90D","579.569,25D"
2020/04/07,138316,"ENVIO TED","532,92D","580.102,17D"
2020/04/07,138480,"ENVIO TED","12.840,00D","592.942,17D"
2020/04/07,138657,"ENVIO TED","1.917,25D","594.859,42D"
2020/04/07,138846,"ENVIO TED","31,60D","594.891,02D"
2020/04/07,139302,"ENVIO TED","254,00D","595.145,02D"
2020/04/07,139821,"ENVIO TED","435,00D","595.580,02D"
2020/04/07,140016,"ENVIO TED","486.890,77D","1.082.470,79D"
2020/04/07,140427,"ENVIO TED","71.278,09D","1.153.748,88D"
2020/04/07,727220,"RESG AUTOM",1153748.88,0
2020/04/08,1,"CRED TED",1700,1700
2020/04/08,1,"CRED TED",3000,4700
2020/04/08,1,"CRED TED",3000,7700
2020/04/08,136483,"DEVOL TED",4890,12590
2020/04/08,147801,"DEVOL TED",806.8,13396.8
2020/04/08,80914,"ENVIO TEV","327,70D",13069.1
2020/04/08,80922,"ENVIO TEV","88.595,17D","75.526,07D"
2020/04/08,80922,"ENVIO TEV","998.467,67D","1.073.993,74D"
2020/04/08,133969,"ENVIO TED","3.450,00D","1.077.443,74D"
2020/04/08,134295,"ENVIO TED","866,05D","1.078.309,79D"
2020/04/08,134569,"ENVIO TED","1.139,71D","1.079.449,50D"
2020/04/08,134805,"ENVIO TED","4.232,24D","1.083.681,74D"
2020/04/08,136483,"ENVIO TED","4.890,00D","1.088.571,74D"
2020/04/08,136926,"ENVIO TED","3.120,00D","1.091.691,74D"
2020/04/08,147801,"ENVIO TED","806,80D","1.092.498,54D"
2020/04/08,148080,"ENVIO TED","6.336,00D","1.098.834,54D"
2020/04/08,148322,"ENVIO TED","15.191,36D","1.114.025,90D"
2020/04/08,727220,"RESG AUTOM",1114025.9,0
2020/04/09,1,"CRED TED",100000,100000
2020/04/09,990001,"APL AUTOM","100.000,00D",0
2020/04/13,1,"CRED TED",9042391.25,9042391.25
2020/04/13,684158,"PAG FONE","832,23D",9041559.02
2020/04/13,130029,"ENVIO TED","12.152,70D",9029406.32
2020/04/13,131705,"ENVIO TEV","555,45D",9028850.87
2020/04/13,131705,"ENVIO TEV","11.294,15D",9017556.72
2020/04/13,131705,"ENVIO TEV","23.675,50D",8993881.22
2020/04/13,131705,"ENVIO TEV","925,75D",8992955.47
2020/04/13,131705,"ENVIO TEV","148.015,10D",8844940.37
2020/04/13,131705,"ENVIO TEV","13.666,90D",8831273.47
2020/04/13,131706,"ENVIO TEV","5.820,16D",8825453.31
2020/04/13,131729,"ENVIO TEV","4.999,05D",8820454.26
2020/04/13,146557,"ENVIO TED","4.890,00D",8815564.26
2020/04/13,146593,"ENVIO TED","4.026,14D",8811538.12
2020/04/13,146836,"ENVIO TED","599,08D",8810939.04
2020/04/13,147081,"ENVIO TED","1.720,00D",8809219.04
2020/04/13,147365,"ENVIO TED","320,00D",8808899.04
2020/04/13,147744,"ENVIO TED","21.944,00D",8786955.04
2020/04/13,148865,"ENVIO TED","10.956,96D",8775998.08
2020/04/13,149798,"ENVIO TED","1.692,42D",8774305.66
2020/04/13,149987,"ENVIO TED","382,20D",8773923.46
2020/04/13,150183,"ENVIO TED","133,08D",8773790.38
2020/04/13,150414,"ENVIO TED","444,00D",8773346.38
2020/04/13,150622,"ENVIO TED","23.651,38D",8749695
2020/04/13,990001,"APL AUTOM","8.749.695,00D",0
2020/04/14,133924,"DEVOL TED",2374.53,2374.53
2020/04/14,125642,"ENVIO TED","1.618,40D",756.13
2020/04/14,126233,"ENVIO TED","420,00D",336.13
2020/04/14,126869,"ENVIO TED","1.092,20D","756,07D"
2020/04/14,127349,"ENVIO TED","8.036,00D","8.792,07D"
2020/04/14,127668,"ENVIO TED","245,00D","9.037,07D"
2020/04/14,128306,"ENVIO TED","7.263,14D","16.300,21D"
2020/04/14,128525,"ENVIO TED","5.838,56D","22.138,77D"
2020/04/14,128807,"ENVIO TED","875,00D","23.013,77D"
2020/04/14,129007,"ENVIO TED","52.397,52D","75.411,29D"
2020/04/14,129935,"ENVIO TED","9.500,00D","84.911,29D"
2020/04/14,130148,"ENVIO TED","2.400,00D","87.311,29D"
2020/04/14,130349,"ENVIO TED","3.600,00D","90.911,29D"
2020/04/14,133924,"ENVIO TED","2.374,53D","93.285,82D"
2020/04/14,134855,"ENVIO TED","2.802,80D","96.088,62D"
2020/04/14,135120,"ENVIO TED","3.028,20D","99.116,82D"
2020/04/14,135352,"ENVIO TED","6.580,00D","105.696,82D"
2020/04/14,137311,"ENVIO TED","2.369,58D","108.066,40D"
2020/04/14,137503,"ENVIO TED","1.528,74D","109.595,14D"
2020/04/14,137761,"ENVIO TED","509,58D","110.104,72D"
2020/04/14,727220,"RESG AUTOM",110104.72,0
2020/04/15,1,"CRED TED",68445.8,68445.8
2020/04/15,140573,"ENVIO TED","806,80D",67639
2020/04/15,151246,"ENVIO TEV","1.000.000,00D","932.361,00D"
2020/04/15,156197,"ENVIO TED","790,00D","933.151,00D"
2020/04/15,189105,"ENVIO TED","665,00D","933.816,00D"
2020/04/15,190063,"ENVIO TED","139.938,02D","1.073.754,02D"
2020/04/15,727220,"RESG AUTOM",1073754.02,0
2020/04/16,166481,"ENVIO TED","16.984,00D","16.984,00D"
2020/04/16,186926,"ENVIO TED","64.458,80D","81.442,80D"
2020/04/16,727220,"RESG AUTOM",81442.8,0
2020/04/17,197864,"PG LUZ/GAS","4.338,80D","4.338,80D"
2020/04/17,197865,"PG LUZ/GAS","1.368,89D","5.707,69D"
2020/04/17,197866,"PG LUZ/GAS","666,37D","6.374,06D"
2020/04/17,197867,"PG LUZ/GAS","837,61D","7.211,67D"
2020/04/17,197868,"PG LUZ/GAS","311,99D","7.523,66D"
2020/04/17,197869,"PG LUZ/GAS","630,61D","8.154,27D"
2020/04/17,197870,"PG LUZ/GAS","897,82D","9.052,09D"
2020/04/17,197872,"PG LUZ/GAS","2.651,57D","11.703,66D"
2020/04/17,284100,"PAG BOLETO","1.100,00D","12.803,66D"
2020/04/17,168498,"ENVIO TED","22.968,00D","35.771,66D"
2020/04/17,168927,"ENVIO TED","18.600,74D","54.372,40D"
2020/04/17,169107,"ENVIO TED","35,65D","54.408,05D"
2020/04/17,169675,"ENVIO TED","460,00D","54.868,05D"
2020/04/17,170043,"ENVIO TED","2.352,00D","57.220,05D"
2020/04/17,171259,"ENVIO TEV","500.000,00D","557.220,05D"
2020/04/17,180402,"ENVIO TED","175.000,00D","732.220,05D"
2020/04/17,180661,"ENVIO TED","3.450,00D","735.670,05D"
2020/04/17,727220,"RESG AUTOM",735670.05,0
2020/04/20,1,"CRED TED",6957.33,6957.33
2020/04/20,1,"CRED TED",280,7237.33
2020/04/20,1,"CRED TED",7665.22,14902.55
2020/04/20,1,"CRED TED",17720.98,32623.53
2020/04/20,990001,"APL AUTOM","32.623,53D",0
2020/04/22,132087,"ENVIO TED","720,00D","720,00D"
2020/04/22,193855,"ENVIO TED","2.400,00D","3.120,00D"
2020/04/22,194177,"ENVIO TED","19.658,10D","22.778,10D"
2020/04/22,221206,"ENVIO TEV","1.726,80D","24.504,90D"
2020/04/22,221207,"ENVIO TEV","2.566,56D","27.071,46D"
2020/04/22,727220,"RESG AUTOM",27071.46,0
2020/04/23,181166,"ENVIO TED","4.598,77D","4.598,77D"
2020/04/23,184180,"ENVIO TED","1.800,00D","6.398,77D"
2020/04/23,727220,"RESG AUTOM",6398.77,0
2020/04/24,496253,"PAG FONE","653,96D","653,96D"
2020/04/24,111843,"ENVIO TED","192,00D","845,96D"
2020/04/24,182876,"ENVIO TED","74.137,81D","74.983,77D"
2020/04/24,183166,"ENVIO TED","15.808,20D","90.791,97D"
2020/04/24,194958,"ENVIO TED","640,00D","91.431,97D"
2020/04/24,241223,"ENVIO TEV","720,00D","92.151,97D"
2020/04/24,241223,"ENVIO TEV","4.706,52D","96.858,49D"
2020/04/24,727220,"RESG AUTOM",96858.49,0
2020/04/27,414892,"PAG BOLETO","336,00D","336,00D"
2020/04/27,102471,"ENVIO TED","1.452,48D","1.788,48D"
2020/04/27,102801,"ENVIO TED","1.076,12D","2.864,60D"
2020/04/27,103512,"ENVIO TED","30.547,75D","33.412,35D"
2020/04/27,197787,"ENVIO TED","791,30D","34.203,65D"
2020/04/27,198003,"ENVIO TED","7.177,44D","41.381,09D"
2020/04/27,198202,"ENVIO TED","160,00D","41.541,09D"
2020/04/27,198527,"ENVIO TED","312,24D","41.853,33D"
2020/04/27,199508,"ENVIO TED","643,55D","42.496,88D"
2020/04/27,727220,"RESG AUTOM",42496.88,0
2020/04/28,126178,"ENVIO TED","19.952,04D","19.952,04D"
2020/04/28,126735,"ENVIO TED","15.791,39D","35.743,43D"
2020/04/28,127013,"ENVIO TED","17.002,51D","52.745,94D"
2020/04/28,127399,"ENVIO TED","229.843,94D","282.589,88D"
2020/04/28,152560,"ENVIO TED","579,60D","283.169,48D"
2020/04/28,280930,"ENVIO TEV","82.260,00D","365.429,48D"
2020/04/28,727220,"RESG AUTOM",365429.48,0
2020/04/29,155923,"DEVOL TED",4100,4100
2020/04/29,115441,"ENVIO TED","98,71D",4001.29
2020/04/29,115610,"ENVIO TED","49.225,00D","45.223,71D"
2020/04/29,115913,"ENVIO TED","1.242,00D","46.465,71D"
2020/04/29,116068,"ENVIO TED","316,00D","46.781,71D"
2020/04/29,136426,"ENVIO TED","3.000,00D","49.781,71D"
2020/04/29,149544,"ENVIO TED","500.000,00D","549.781,71D"
2020/04/29,149766,"ENVIO TED","169.492,34D","719.274,05D"
2020/04/29,150060,"ENVIO TED","165.040,00D","884.314,05D"
2020/04/29,150308,"ENVIO TED","59.947,92D","944.261,97D"
2020/04/29,150593,"ENVIO TED","5.423,43D","949.685,40D"
2020/04/29,150933,"ENVIO TED","322.732,24D","1.272.417,64D"
2020/04/29,151782,"ENVIO TED","12.494,05D","1.284.911,69D"
2020/04/29,152099,"ENVIO TED","5.924,50D","1.290.836,19D"
2020/04/29,152620,"ENVIO TED","73.378,53D","1.364.214,72D"
2020/04/29,154614,"ENVIO TED","465,00D","1.364.679,72D"
2020/04/29,155060,"ENVIO TED","3.019,80D","1.367.699,52D"
2020/04/29,155383,"ENVIO TED","3.019,80D","1.370.719,32D"
2020/04/29,155633,"ENVIO TED","5.087,50D","1.375.806,82D"
2020/04/29,155923,"ENVIO TED","4.100,00D","1.379.906,82D"
2020/04/29,156352,"ENVIO TED","181,30D","1.380.088,12D"
2020/04/29,156675,"ENVIO TED","11.264,00D","1.391.352,12D"
2020/04/29,290957,"ENVIO TEV","360.000,00D","1.751.352,12D"
2020/04/29,291102,"ENVIO TEV","3.019,80D","1.754.371,92D"
2020/04/29,727220,"RESG AUTOM",1754371.92,0
2020/04/30,-,"SALDO FINAL",-,0
"                         Caixa Econômica Federal",,,,
"                              GovConta Caixa",,,,
"                     Extrato das Contas Individuais",,,,
,,,,
"Conta de Referência..: 0316/006/00624053-1 FUNDO MUNICIPAL DE SAUDE        ",,,,
"Data de Solicitação..: 11/05/2021 04:29:37 PM",,,,
"Data de Referência...: 01/05/2020 - 31/05/2020",,,,
,,,,
"Data Mov",Nr.Doc,Histórico,"Valor (R$)","Saldo (R$)"
2020/05/01,-,"SALDO ANTERIOR",-,0
2020/05/04,1,"CRED TED",1200000,1200000
2020/05/04,41212,"ENVIO TEV","8.968,40D",1191031.6
2020/05/04,148981,"ENVIO TED","9.147,33D",1181884.27
2020/05/04,990001,"APL AUTOM","1.181.884,27D",0
2020/05/05,1,"CRED TED",207735.33,207735.33
2020/05/05,1,"CRED TED",8484177.78,8691913.11
2020/05/05,1,"CRED TED",27930,8719843.11
2020/05/05,1,"CRED TED",721082.35,9440925.46
2020/05/05,1,"CRED TED",28944.09,9469869.55
2020/05/05,1,"CRED TED",42910,9512779.55
2020/05/05,1,"CRED TED",30872.13,9543651.68
2020/05/05,1,"CRED TED",204243.98,9747895.66
2020/05/05,1,"CRED TED",146475,9894370.66
2020/05/05,1,"CRED TED",207200,10101570.66
2020/05/05,1,"CRED TED",17000,10118570.66
2020/05/05,1,"CRED TED",7500,10126070.66
2020/05/05,1,"CRED TED",3000,10129070.66
2020/05/05,1,"CRED TED",20960.49,10150031.15
2020/05/05,1,"CRED TED",1470,10151501.15
2020/05/05,576578,"PAG BOLETO","1.000,00D",10150501.15
2020/05/05,51322,"ENVIO TEV","3.404,94D",10147096.21
2020/05/05,51322,"ENVIO TEV","2.889,00D",10144207.21
2020/05/05,51322,"ENVIO TEV","150.000,00D",9994207.21
2020/05/05,51322,"ENVIO TEV","191.940,00D",9802267.21
2020/05/05,129032,"ENVIO TED","14.300,00D",9787967.21
2020/05/05,146473,"ENVIO TED","4.100,00D",9783867.21
2020/05/05,148889,"ENVIO TED","36.846,57D",9747020.64
2020/05/05,149284,"ENVIO TED","7.096,38D",9739924.26
2020/05/05,149862,"ENVIO TED","12.654,67D",9727269.59
2020/05/05,150253,"ENVIO TED","39.672,52D",9687597.07
2020/05/05,150522,"ENVIO TED","330,00D",9687267.07
2020/05/05,150861,"ENVIO TED","2.011,87D",9685255.2
2020/05/05,152276,"ENVIO TED","7.021,85D",9678233.35
2020/05/05,152595,"ENVIO TED","4.214,09D",9674019.26
2020/05/05,152946,"ENVIO TED","7.344,00D",9666675.26
2020/05/05,153260,"ENVIO TED","2.059,00D",9664616.26
2020/05/05,153756,"ENVIO TED","650,00D",9663966.26
2020/05/05,154710,"ENVIO TED","37,50D",9663928.76
2020/05/05,155625,"ENVIO TED","69,93D",9663858.83
2020/05/05,156039,"ENVIO TED","798,00D",9663060.83
2020/05/05,156377,"ENVIO TED","875,00D",9662185.83
2020/05/05,157054,"ENVIO TED","345,00D",9661840.83
2020/05/05,158396,"ENVIO TED","8.110,88D",9653729.95
2020/05/05,158680,"ENVIO TED","1.427,60D",9652302.35
2020/05/05,159014,"ENVIO TED","2.130,00D",9650172.35
2020/05/05,160335,"ENVIO TED","17.613,86D",9632558.49
2020/05/05,160662,"ENVIO TED","21.782,29D",9610776.2
2020/05/05,161169,"ENVIO TED","26.007,39D",9584768.81
2020/05/05,990001,"APL AUTOM","9.584.768,81D",0
2020/05/06,1,"CRED TED",40000,40000
2020/05/06,61007,"ENVIO TEV","1.178.876,25D","1.138.876,25D"
2020/05/06,61007,"ENVIO TEV","957.837,07D","2.096.713,32D"
2020/05/06,727220,"RESG AUTOM",2096713.32,0
2020/05/07,71021,"ENVIO TEV","216.548,00D","216.548,00D"
2020/05/07,71256,"ENVIO TEV","500.000,00D","716.548,00D"
2020/05/07,129638,"ENVIO TED","155.225,40D","871.773,40D"
2020/05/07,130105,"ENVIO TED","105,10D","871.878,50D"
2020/05/07,130429,"ENVIO TED","1.210,00D","873.088,50D"
2020/05/07,130800,"ENVIO TED","1.371,60D","874.460,10D"
2020/05/07,131052,"ENVIO TED","630,00D","875.090,10D"
2020/05/07,131604,"ENVIO TED","250,00D","875.340,10D"
2020/05/07,131942,"ENVIO TED","4.840,98D","880.181,08D"
2020/05/07,132216,"ENVIO TED","505,00D","880.686,08D"
2020/05/07,132630,"ENVIO TED","4.266,79D","884.952,87D"
2020/05/07,133623,"ENVIO TED","506,03D","885.458,90D"
2020/05/07,134016,"ENVIO TED","861,00D","886.319,90D"
2020/05/07,727220,"RESG AUTOM",886319.9,0
2020/05/08,81421,"ENVIO TEV","52.636,77D","52.636,77D"
2020/05/08,81421,"ENVIO TEV","148.015,10D","200.651,87D"
2020/05/08,81421,"ENVIO TEV","23.675,50D","224.327,37D"
2020/05/08,81423,"ENVIO TEV","998.467,67D","1.222.795,04D"
2020/05/08,81423,"ENVIO TEV","88.595,17D","1.311.390,21D"
2020/05/08,148292,"ENVIO TED","486.890,77D","1.798.280,98D"
2020/05/08,148754,"ENVIO TED","71.278,09D","1.869.559,07D"
2020/05/08,149374,"ENVIO TED","139.878,49D","2.009.437,56D"
2020/05/08,150049,"ENVIO TED","918,44D","2.010.356,00D"
2020/05/08,150477,"ENVIO TED","50.079,72D","2.060.435,72D"
2020/05/08,154171,"ENVIO TED","3.994,00D","2.064.429,72D"
2020/05/08,154515,"ENVIO TED","2.328,00D","2.066.757,72D"
2020/05/08,155887,"ENVIO TED","16.193,80D","2.082.951,52D"
2020/05/08,156226,"ENVIO TED","1.317,30D","2.084.268,82D"
2020/05/08,159820,"ENVIO TED","8.317,00D","2.092.585,82D"
2020/05/08,160609,"ENVIO TED","6.655,92D","2.099.241,74D"
2020/05/08,172360,"ENVIO TED","1.650,00D","2.100.891,74D"
2020/05/08,172812,"ENVIO TED","7.756,86D","2.108.648,60D"
2020/05/08,174147,"ENVIO TED","9.975,85D","2.118.624,45D"
2020/05/08,179264,"ENVIO TED","5.132,36D","2.123.756,81D"
2020/05/08,179721,"ENVIO TED","2.691,17D","2.126.447,98D"
2020/05/08,180346,"ENVIO TED","12.560,50D","2.139.008,48D"
2020/05/08,180829,"ENVIO TED","12.560,50D","2.151.568,98D"
2020/05/08,187436,"ENVIO TED","8.961,10D","2.160.530,08D"
2020/05/08,727220,"RESG AUTOM",2160530.08,0
2020/05/11,117626,"ENVIO TED","749,81D","749,81D"
2020/05/11,117882,"ENVIO TED","7.263,14D","8.012,95D"
2020/05/11,118280,"ENVIO TED","3.681,93D","11.694,88D"
2020/05/11,118542,"ENVIO TED","1.540,00D","13.234,88D"
2020/05/11,118794,"ENVIO TED","240,51D","13.475,39D"
2020/05/11,119418,"ENVIO TED","5.227,20D","18.702,59D"
2020/05/11,119671,"ENVIO TED","990,00D","19.692,59D"
2020/05/11,119934,"ENVIO TED","8.666,67D","28.359,26D"
2020/05/11,122175,"ENVIO TED","16.988,12D","45.347,38D"
2020/05/11,145966,"ENVIO TED","175.000,00D","220.347,38D"
2020/05/11,173960,"ENVIO TED","2.374,53D","222.721,91D"
2020/05/11,174763,"ENVIO TED","918,44D","223.640,35D"
2020/05/11,194855,"ENVIO TED","139.952,34D","363.592,69D"
2020/05/11,195220,"ENVIO TED","153,93D","363.746,62D"
2020/05/11,195609,"ENVIO TED","65,97D","363.812,59D"
2020/05/11,727220,"RESG AUTOM",363812.59,0
2020/05/12,130737,"ENVIO TED","74.121,25D","74.121,25D"
2020/05/12,727220,"RESG AUTOM",74121.25,0
2020/05/13,123592,"ENVIO TED","5.999,99D","5.999,99D"
2020/05/13,123783,"ENVIO TED","2.909,78D","8.909,77D"
2020/05/13,124022,"ENVIO TED","229,00D","9.138,77D"
2020/05/13,124240,"ENVIO TED","2.525,00D","11.663,77D"
2020/05/13,124474,"ENVIO TED","52.397,52D","64.061,29D"
2020/05/13,127491,"ENVIO TED","1.200,00D","65.261,29D"
2020/05/13,127731,"ENVIO TED","43.827,84D","109.089,13D"
2020/05/13,127926,"ENVIO TED","348,99D","109.438,12D"
2020/05/13,128157,"ENVIO TED","17.495,00D","126.933,12D"
2020/05/13,128398,"ENVIO TED","7.000,00D","133.933,12D"
2020/05/13,130004,"ENVIO TED","128,80D","134.061,92D"
2020/05/13,130227,"ENVIO TED","401,00D","134.462,92D"
2020/05/13,130451,"ENVIO TED","520,00D","134.982,92D"
2020/05/13,130683,"ENVIO TED","388,80D","135.371,72D"
2020/05/13,130909,"ENVIO TEV","459,50D","135.831,22D"
2020/05/13,130909,"ENVIO TEV","16.616,89D","152.448,11D"
2020/05/13,130921,"ENVIO TEV","5.820,16D","158.268,27D"
2020/05/13,131139,"ENVIO TED","2.805,00D","161.073,27D"
2020/05/13,134113,"ENVIO TED","3.377,91D","164.451,18D"
2020/05/13,134326,"ENVIO TED","200,00D","164.651,18D"
2020/05/13,134640,"ENVIO TED","670,19D","165.321,37D"
2020/05/13,134881,"ENVIO TED","287,22D","165.608,59D"
2020/05/13,143770,"ENVIO TED","3.000,00D","168.608,59D"
2020/05/13,144078,"ENVIO TED","6.580,00D","175.188,59D"
2020/05/13,727220,"RESG AUTOM",175188.59,0
2020/05/14,1,"CRED TED",1950143,1950143
2020/05/14,990001,"APL AUTOM","1.950.143,00D",0
2020/05/15,313689,"PAG FONE","570,77D","570,77D"
2020/05/15,151121,"ENVIO TEV","4.999,05D","5.569,82D"
2020/05/15,151121,"ENVIO TEV","11.294,15D","16.863,97D"
2020/05/15,151121,"ENVIO TEV","948.852,75D","965.716,72D"
2020/05/15,151121,"ENVIO TEV","925,75D","966.642,47D"
2020/05/15,151121,"ENVIO TEV","555,45D","967.197,92D"
2020/05/15,159965,"ENVIO TED","12.152,70D","979.350,62D"
2020/05/15,160334,"ENVIO TED","1.691,31D","981.041,93D"
2020/05/15,163344,"ENVIO TED","409,00D","981.450,93D"
2020/05/15,163694,"ENVIO TED","286.925,29D","1.268.376,22D"
2020/05/15,164026,"ENVIO TED","830,00D","1.269.206,22D"
2020/05/15,164570,"ENVIO TED","473.900,00D","1.743.106,22D"
2020/05/15,164947,"ENVIO TED","3.040,40D","1.746.146,62D"
2020/05/15,165242,"ENVIO TED","913,92D","1.747.060,54D"
2020/05/15,169383,"ENVIO TED","5.247,00D","1.752.307,54D"
2020/05/15,169715,"ENVIO TED","1.245,75D","1.753.553,29D"
2020/05/15,170173,"ENVIO TED","2.400,00D","1.755.953,29D"
2020/05/15,170752,"ENVIO TED","20.342,00D","1.776.295,29D"
2020/05/15,171391,"ENVIO TED","34.400,51D","1.810.695,80D"
2020/05/15,172522,"ENVIO TED","3.030,00D","1.813.725,80D"
2020/05/15,172831,"ENVIO TED","2.159,86D","1.815.885,66D"
2020/05/15,174117,"ENVIO TED","2.235,20D","1.818.120,86D"
2020/05/15,174474,"ENVIO TED","19.495,00D","1.837.615,86D"
2020/05/15,175103,"ENVIO TED","1.900,00D","1.839.515,86D"
2020/05/15,177621,"ENVIO TED","1.477,25D","1.840.993,11D"
2020/05/15,727220,"RESG AUTOM",1840993.11,0
2020/05/18,180839,"ENVIO TEV","295,80D","295,80D"
2020/05/18,727220,"RESG AUTOM",295.8,0
2020/05/19,1,"CRED TED",304,304
2020/05/19,1,"CRED TED",9855.86,10159.86
2020/05/19,1,"CRED TED",4012.88,14172.74
2020/05/19,139372,"ENVIO TED","1.129,67D",13043.07
2020/05/19,139659,"ENVIO TED","1.000,00D",12043.07
2020/05/19,139899,"ENVIO TED","4.185,60D",7857.47
2020/05/19,140146,"ENVIO TED","509,58D",7347.89
2020/05/19,140370,"ENVIO TED","2.369,58D",4978.31
2020/05/19,140653,"ENVIO TED","2.011,87D",2966.44
2020/05/19,141000,"ENVIO TED","4.214,09D","1.247,65D"
2020/05/19,141304,"ENVIO TED","7.021,85D","8.269,50D"
2020/05/19,141530,"ENVIO TED","330,00D","8.599,50D"
2020/05/19,141807,"ENVIO TED","19.658,10D","28.257,60D"
2020/05/19,142733,"ENVIO TED","1.528,74D","29.786,34D"
2020/05/19,151482,"ENVIO TED","5.838,56D","35.624,90D"
2020/05/19,152187,"ENVIO TED","44.626,55D","80.251,45D"
2020/05/19,727220,"RESG AUTOM",80251.45,0
2020/05/21,63589,"PAG BOLETO","645,24D","645,24D"
2020/05/21,63601,"PAG BOLETO","500,10D","1.145,34D"
2020/05/21,122330,"ENVIO TED","579,60D","1.724,94D"
2020/05/21,122701,"ENVIO TED","1.683,00D","3.407,94D"
2020/05/21,122880,"ENVIO TED","2.195,91D","5.603,85D"
2020/05/21,123109,"ENVIO TED","4.119,00D","9.722,85D"
2020/05/21,125088,"ENVIO TED","2.374,53D","12.097,38D"
2020/05/21,127699,"ENVIO TED","6.456,67D","18.554,05D"
2020/05/21,127988,"ENVIO TED","6.650,00D","25.204,05D"
2020/05/21,128209,"ENVIO TED","940,00D","26.144,05D"
2020/05/21,128442,"ENVIO TED","3.328,20D","29.472,25D"
2020/05/21,128647,"ENVIO TED","520,00D","29.992,25D"
2020/05/21,133385,"ENVIO TED","7.177,44D","37.169,69D"
2020/05/21,133615,"ENVIO TED","439,36D","37.609,05D"
2020/05/21,133832,"ENVIO TED","24.680,00D","62.289,05D"
2020/05/21,134087,"ENVIO TED","608,52D","62.897,57D"
2020/05/21,135119,"ENVIO TED","16.885,00D","79.782,57D"
2020/05/21,135493,"ENVIO TED","3.400,20D","83.182,77D"
2020/05/21,136260,"ENVIO TED","831,60D","84.014,37D"
2020/05/21,136480,"ENVIO TED","375,00D","84.389,37D"
2020/05/21,137521,"ENVIO TED","1.100,00D","85.489,37D"
2020/05/21,137750,"ENVIO TED","9.558,40D","95.047,77D"
2020/05/21,138105,"ENVIO TED","207,00D","95.254,77D"
2020/05/21,138329,"ENVIO TED","165,00D","95.419,77D"
2020/05/21,147711,"ENVIO TED","116,97D","95.536,74D"
2020/05/21,147988,"ENVIO TED","1.202,83D","96.739,57D"
2020/05/21,211007,"ENVIO TEV","529,20D","97.268,77D"
2020/05/21,211007,"ENVIO TEV","230,00D","97.498,77D"
2020/05/21,727220,"RESG AUTOM",97498.77,0
2020/05/22,147869,"ENVIO TED","5.750,00D","5.750,00D"
2020/05/22,727220,"RESG AUTOM",5750,0
2020/05/26,1,"CRED TED",1002797.29,1002797.29
2020/05/26,840154,"PG LUZ/GAS","795,90D",1002001.39
2020/05/26,990001,"APL AUTOM","1.002.001,39D",0
2020/05/27,1,"CRED TED",68445.8,68445.8
2020/05/27,120785,"ENVIO TED","7.137,38D",61308.42
2020/05/27,127549,"ENVIO TED","631,04D",60677.38
2020/05/27,128173,"ENVIO TED","15.791,40D",44885.98
2020/05/27,168187,"ENVIO TED","115.524,51D","70.638,53D"
2020/05/27,168854,"ENVIO TED","952,00D","71.590,53D"
2020/05/27,172859,"ENVIO TED","3.331,91D","74.922,44D"
2020/05/27,173116,"ENVIO TED","686,95D","75.609,39D"
2020/05/27,173382,"ENVIO TED","888,00D","76.497,39D"
2020/05/27,173654,"ENVIO TED","25.225,00D","101.722,39D"
2020/05/27,174311,"ENVIO TED","21.320,00D","123.042,39D"
2020/05/27,174891,"ENVIO TED","90.880,00D","213.922,39D"
2020/05/27,176137,"ENVIO TED","373,13D","214.295,52D"
2020/05/27,182608,"ENVIO TED","8.639,16D","222.934,68D"
2020/05/27,182936,"ENVIO TED","59.947,92D","282.882,60D"
2020/05/27,183195,"ENVIO TED","30.547,75D","313.430,35D"
2020/05/27,183584,"ENVIO TED","5.423,43D","318.853,78D"
2020/05/27,271221,"ENVIO TEV","82.260,00D","401.113,78D"
2020/05/27,271222,"ENVIO TEV","35.200,00D","436.313,78D"
2020/05/27,271223,"ENVIO TEV","35.200,00D","471.513,78D"
2020/05/27,727220,"RESG AUTOM",471513.78,0
2020/05/28,280811,"ENVIO TEV","540.000,00D","540.000,00D"
2020/05/28,727220,"RESG AUTOM",540000,0
2020/05/29,60635,"PAG FONE","380,94D","380,94D"
2020/05/29,113727,"ENVIO TED","24,00D","404,94D"
2020/05/29,114044,"ENVIO TED","225.408,93D","225.813,87D"
2020/05/29,115444,"ENVIO TED","2.829,18D","228.643,05D"
2020/05/29,116399,"ENVIO TED","977,50D","229.620,55D"
2020/05/29,152367,"ENVIO TED","786,50D","230.407,05D"
2020/05/29,153190,"ENVIO TED","127,50D","230.534,55D"
2020/05/29,153629,"ENVIO TED","17.002,51D","247.537,06D"
2020/05/29,291014,"ENVIO TEV","52.636,77D","300.173,83D"
2020/05/29,291230,"ENVIO TEV","469,00D","300.642,83D"
2020/05/29,291231,"ENVIO TEV","1.002,60D","301.645,43D"
2020/05/29,291231,"ENVIO TEV","2.889,04D","304.534,47D"
2020/05/29,727220,"RESG AUTOM",304534.47,0
2020/05/31,-,"SALDO FINAL",-,0
"                         Caixa Econômica Federal",,,,
"                              GovConta Caixa",,,,
"                     Extrato das Contas Individuais",,,,
,,,,
"Conta de Referência..: 0316/006/00624053-1 FUNDO MUNICIPAL DE SAUDE        ",,,,
"Data de Solicitação..: 11/05/2021 04:32:08 PM",,,,
"Data de Referência...: 01/06/2020 - 30/06/2020",,,,
,,,,
"Data Mov",Nr.Doc,Histórico,"Valor (R$)","Saldo (R$)"
2020/06/01,-,"SALDO ANTERIOR",-,0
2020/06/01,152969,"ENVIO TED","559,90D","559,90D"
2020/06/01,162893,"ENVIO TED","6.000,00D","6.559,90D"
2020/06/01,163257,"ENVIO TED","14.680,00D","21.239,90D"
2020/06/01,727220,"RESG AUTOM",21239.9,0
2020/06/02,1,"CRED TED",6624000,6624000
2020/06/02,1,"CRED TED",146475,6770475
2020/06/02,87492,"PAG BOLETO","1.000,00D",6769475
2020/06/02,107903,"ENVIO TED","330,00D",6769145
2020/06/02,108273,"ENVIO TED","126,50D",6769018.5
2020/06/02,108683,"ENVIO TED","2.288,80D",6766729.7
2020/06/02,109152,"ENVIO TED","2.492,05D",6764237.65
2020/06/02,111401,"ENVIO TED","1.920,00D",6762317.65
2020/06/02,111838,"ENVIO TED","1.577,60D",6760740.05
2020/06/02,112498,"ENVIO TED","5.121,63D",6755618.42
2020/06/02,113014,"ENVIO TED","144.480,00D",6611138.42
2020/06/02,113717,"ENVIO TED","500.000,00D",6111138.42
2020/06/02,114149,"ENVIO TED","190.989,34D",5920149.08
2020/06/02,117277,"ENVIO TED","105.887,50D",5814261.58
2020/06/02,990001,"APL AUTOM","5.814.261,58D",0
2020/06/03,1,"CRED TED",8863572.75,8863572.75
2020/06/03,1,"CRED TED",204243.98,9067816.73
2020/06/03,1,"CRED TED",855749.01,9923565.74
2020/06/03,1,"CRED TED",17000,9940565.74
2020/06/03,1,"CRED TED",30872.13,9971437.87
2020/06/03,1,"CRED TED",207735.33,10179173.2
2020/06/03,1,"CRED TED",7500,10186673.2
2020/06/03,1,"CRED TED",1470,10188143.2
2020/06/03,1,"CRED TED",27930,10216073.2
2020/06/03,1,"CRED TED",20960.49,10237033.69
2020/06/03,1,"CRED TED",28944.09,10265977.78
2020/06/03,30818,"ENVIO TEV","191.940,00D",10074037.78
2020/06/03,30818,"ENVIO TEV","150.000,00D",9924037.78
2020/06/03,30820,"ENVIO TEV","120.534,10D",9803503.68
2020/06/03,31043,"ENVIO TEV","100.000,00D",9703503.68
2020/06/03,31512,"ENVIO TEV","23.675,50D",9679828.18
2020/06/03,31512,"ENVIO TEV","702,00D",9679126.18
2020/06/03,31512,"ENVIO TEV","148.015,10D",9531111.08
2020/06/03,109597,"ENVIO TED","39.672,52D",9491438.56
2020/06/03,110233,"ENVIO TED","12.654,67D",9478783.89
2020/06/03,110795,"ENVIO TED","71.278,09D",9407505.8
2020/06/03,113341,"ENVIO TED","36.846,57D",9370659.23
2020/06/03,145773,"ENVIO TED","9.582,84D",9361076.39
2020/06/03,146632,"ENVIO TED","1.004,40D",9360071.99
2020/06/03,147414,"ENVIO TED","11.908,85D",9348163.14
2020/06/03,147967,"ENVIO TED","800,00D",9347363.14
2020/06/03,150306,"ENVIO TED","468,85D",9346894.29
2020/06/03,152735,"ENVIO TED","9.548,00D",9337346.29
2020/06/03,153172,"ENVIO TED","35.616,34D",9301729.95
2020/06/03,153518,"ENVIO TED","790,38D",9300939.57
2020/06/03,154228,"ENVIO TED","2.691,17D",9298248.4
2020/06/03,154851,"ENVIO TED","5.132,36D",9293116.04
2020/06/03,155847,"ENVIO TED","9.975,85D",9283140.19
2020/06/03,156276,"ENVIO TED","7.756,86D",9275383.33
2020/06/03,156670,"ENVIO TED","1.650,00D",9273733.33
2020/06/03,157139,"ENVIO TED","8.961,10D",9264772.23
2020/06/03,157520,"ENVIO TED","6.655,92D",9258116.31
2020/06/03,158189,"ENVIO TED","8.317,00D",9249799.31
2020/06/03,158766,"ENVIO TED","2.333,34D",9247465.97
2020/06/03,159560,"ENVIO TED","1.940,00D",9245525.97
2020/06/03,160260,"ENVIO TED","749,81D",9244776.16
2020/06/03,160998,"ENVIO TED","1.517,72D",9243258.44
2020/06/03,161540,"ENVIO TED","57,96D",9243200.48
2020/06/03,161875,"ENVIO TED","420,84D",9242779.64
2020/06/03,162202,"ENVIO TED","3.109,68D",9239669.96
2020/06/03,162599,"ENVIO TED","1.202,94D",9238467.02
2020/06/03,163251,"ENVIO TED","4.998,32D",9233468.7
2020/06/03,164394,"ENVIO TED","1.450,00D",9232018.7
2020/06/03,164954,"ENVIO TED","725,00D",9231293.7
2020/06/03,166447,"ENVIO TED","12.449,87D",9218843.83
2020/06/03,167351,"ENVIO TED","766,28D",9218077.55
2020/06/03,167900,"ENVIO TED","25,00D",9218052.55
2020/06/03,168244,"ENVIO TED","670,19D",9217382.36
2020/06/03,168808,"ENVIO TED","287,22D",9217095.14
2020/06/03,170389,"ENVIO TED","1.426,25D",9215668.89
2020/06/03,172468,"ENVIO TED","4.268,00D",9211400.89
2020/06/03,172990,"ENVIO TED","875,00D",9210525.89
2020/06/03,173796,"ENVIO TED","10.860,00D",9199665.89
2020/06/03,175032,"ENVIO TED","139.955,08D",9059710.81
2020/06/03,175600,"ENVIO TED","155.225,40D",8904485.41
2020/06/03,990001,"APL AUTOM","8.904.485,41D",0
2020/06/04,1,"CRED TED",5674883.06,5674883.06
2020/06/04,41133,"ENVIO TEV","500.000,00D",5174883.06
2020/06/04,41133,"ENVIO TEV","716.152,93D",4458730.13
2020/06/04,990001,"APL AUTOM","4.458.730,13D",0
2020/06/05,1,"CRED TED",169400,169400
2020/06/05,1,"CRED TED",3000,172400
2020/06/05,1,"CRED TED",152672,325072
2020/06/05,50816,"ENVIO TEV","2.600.000,00D","2.274.928,00D"
2020/06/05,50816,"ENVIO TEV","1.600.000,00D","3.874.928,00D"
2020/06/05,50816,"ENVIO TEV","1.400.000,00D","5.274.928,00D"
2020/06/05,50816,"ENVIO TEV","2.400.000,00D","7.674.928,00D"
2020/06/05,50816,"ENVIO TEV","950.143,00D","8.625.071,00D"
2020/06/05,50900,"ENVIO TEV","3.019,80D","8.628.090,80D"
2020/06/05,51042,"ENVIO TEV","1.497.837,07D","10.125.927,87D"
2020/06/05,118022,"ENVIO TED","7.400,00D","10.133.327,87D"
2020/06/05,119141,"ENVIO TED","680,00D","10.134.007,87D"
2020/06/05,119861,"ENVIO TED","10.306,73D","10.144.314,60D"
2020/06/05,126801,"ENVIO TED","3.019,80D","10.147.334,40D"
2020/06/05,127229,"ENVIO TED","3.019,80D","10.150.354,20D"
2020/06/05,128211,"ENVIO TED","3.019,80D","10.153.374,00D"
2020/06/05,128729,"ENVIO TED","2.080,00D","10.155.454,00D"
2020/06/05,129077,"ENVIO TED","7.204,18D","10.162.658,18D"
2020/06/05,132784,"ENVIO TED","3.019,80D","10.165.677,98D"
2020/06/05,727220,"RESG AUTOM",10165677.98,0
2020/06/09,859841,"PG LUZ/GAS","76,44D","76,44D"
2020/06/09,90914,"ENVIO TEV","88.595,17D","88.671,61D"
2020/06/09,90914,"ENVIO TEV","998.467,67D","1.087.139,28D"
2020/06/09,91137,"ENVIO TEV","146,00D","1.087.285,28D"
2020/06/09,127426,"ENVIO TED","890,00D","1.088.175,28D"
2020/06/09,130799,"ENVIO TED","7.263,14D","1.095.438,42D"
2020/06/09,131211,"ENVIO TED","4.791,42D","1.100.229,84D"
2020/06/09,131546,"ENVIO TED","478,80D","1.100.708,64D"
2020/06/09,132094,"ENVIO TED","2.800,08D","1.103.508,72D"
2020/06/09,132653,"ENVIO TED","420,30D","1.103.929,02D"
2020/06/09,132992,"ENVIO TED","1.681,20D","1.105.610,22D"
2020/06/09,133276,"ENVIO TED","420,30D","1.106.030,52D"
2020/06/09,194123,"ENVIO TED","1.432,00D","1.107.462,52D"
2020/06/09,194731,"ENVIO TED","1.900,80D","1.109.363,32D"
2020/06/09,195099,"ENVIO TED","560,00D","1.109.923,32D"
2020/06/09,195478,"ENVIO TED","3.020,01D","1.112.943,33D"
2020/06/09,196351,"ENVIO TED","350,00D","1.113.293,33D"
2020/06/09,196906,"ENVIO TED","2.249,74D","1.115.543,07D"
2020/06/09,197806,"ENVIO TED","1.178,00D","1.116.721,07D"
2020/06/09,198267,"ENVIO TED","589,00D","1.117.310,07D"
2020/06/09,727220,"RESG AUTOM",1117310.07,0
2020/06/10,182392,"ENVIO TED","139.878,49D","139.878,49D"
2020/06/10,727220,"RESG AUTOM",139878.49,0
2020/06/12,1,"CRED TED",68445.8,68445.8
2020/06/12,990001,"APL AUTOM","68.445,80D",0
2020/06/15,1,"CRED TED",304,304
2020/06/15,1,"CRED TED",9855.86,10159.86
2020/06/15,168962,"DEVOL TED",2808.6,12968.46
2020/06/15,138196,"ENVIO TED","296.138,29D","283.169,83D"
2020/06/15,150930,"ENVIO TEV","50,00D","283.219,83D"
2020/06/15,150930,"ENVIO TEV","555,45D","283.775,28D"
2020/06/15,150930,"ENVIO TEV","719,20D","284.494,48D"
2020/06/15,150930,"ENVIO TEV","925,75D","285.420,23D"
2020/06/15,150930,"ENVIO TEV","11.294,15D","296.714,38D"
2020/06/15,150930,"ENVIO TEV","4.999,05D","301.713,43D"
2020/06/15,151041,"ENVIO TEV","132,20D","301.845,63D"
2020/06/15,151527,"ENVIO TEV","16.616,89D","318.462,52D"
2020/06/15,151527,"ENVIO TEV","5.820,16D","324.282,68D"
2020/06/15,155716,"ENVIO TED","587,52D","324.870,20D"
2020/06/15,158651,"ENVIO TED","175.000,00D","499.870,20D"
2020/06/15,159189,"ENVIO TED","361,70D","500.231,90D"
2020/06/15,159679,"ENVIO TED","261,20D","500.493,10D"
2020/06/15,160187,"ENVIO TED","263,20D","500.756,30D"
2020/06/15,160698,"ENVIO TED","426,40D","501.182,70D"
2020/06/15,161449,"ENVIO TED","624,26D","501.806,96D"
2020/06/15,162725,"ENVIO TED","140,00D","501.946,96D"
2020/06/15,163527,"ENVIO TED","842,00D","502.788,96D"
2020/06/15,164183,"ENVIO TED","530,00D","503.318,96D"
2020/06/15,166718,"ENVIO TED","3.077,20D","506.396,16D"
2020/06/15,167632,"ENVIO TED","17.157,00D","523.553,16D"
2020/06/15,168962,"ENVIO TED","2.808,60D","526.361,76D"
2020/06/15,170260,"ENVIO TED","264,60D","526.626,36D"
2020/06/15,171333,"ENVIO TED","2.107,93D","528.734,29D"
2020/06/15,171881,"ENVIO TED","5.413,00D","534.147,29D"
2020/06/15,172741,"ENVIO TED","690,90D","534.838,19D"
2020/06/15,173455,"ENVIO TED","2.400,00D","537.238,19D"
2020/06/15,174080,"ENVIO TED","1.729,74D","538.967,93D"
2020/06/15,174802,"ENVIO TED","302,00D","539.269,93D"
2020/06/15,727220,"RESG AUTOM",539269.93,0
2020/06/16,1,"CRED TED",4012.88,4012.88
2020/06/16,990001,"APL AUTOM","4.012,88D",0
2020/06/17,160419,"ENVIO TED","3.469,05D","3.469,05D"
2020/06/17,161037,"ENVIO TED","4.214,09D","7.683,14D"
2020/06/17,161427,"ENVIO TED","705,00D","8.388,14D"
2020/06/17,162140,"ENVIO TED","520,00D","8.908,14D"
2020/06/17,162450,"ENVIO TED","7.177,44D","16.085,58D"
2020/06/17,163026,"ENVIO TED","2.011,87D","18.097,45D"
2020/06/17,171056,"ENVIO TEV","856,08D","18.953,53D"
2020/06/17,171113,"ENVIO TEV","948.852,75D","967.806,28D"
2020/06/17,173451,"ENVIO TED","5.663,35D","973.469,63D"
2020/06/17,727220,"RESG AUTOM",973469.63,0
2020/06/19,149370,"DEVOL TED",9900,9900
2020/06/19,135203,"ENVIO TED","890,00D",9010
2020/06/19,135681,"ENVIO TED","268,69D",8741.31
2020/06/19,135815,"ENVIO TED","52.397,52D","43.656,21D"
2020/06/19,136712,"ENVIO TED","2.980,00D","46.636,21D"
2020/06/19,136780,"ENVIO TED","54.513,67D","101.149,88D"
2020/06/19,137222,"ENVIO TED","19.658,10D","120.807,98D"
2020/06/19,137653,"ENVIO TED","2.808,60D","123.616,58D"
2020/06/19,138664,"ENVIO TED","3.659,60D","127.276,18D"
2020/06/19,141798,"ENVIO TED","31.678,37D","158.954,55D"
2020/06/19,142315,"ENVIO TED","9.790,00D","168.744,55D"
2020/06/19,142689,"ENVIO TED","10.760,62D","179.505,17D"
2020/06/19,143694,"ENVIO TED","9.899,00D","189.404,17D"
2020/06/19,144378,"ENVIO TED","7.021,85D","196.426,02D"
2020/06/19,144659,"ENVIO TED","330,00D","196.756,02D"
2020/06/19,144975,"ENVIO TED","596,00D","197.352,02D"
2020/06/19,146844,"ENVIO TED","509,58D","197.861,60D"
2020/06/19,147339,"ENVIO TED","1.528,74D","199.390,34D"
2020/06/19,148523,"ENVIO TED","830,72D","200.221,06D"
2020/06/19,149370,"ENVIO TED","9.900,00D","210.121,06D"
2020/06/19,150003,"ENVIO TED","381,38D","210.502,44D"
2020/06/19,151378,"ENVIO TED","2.369,58D","212.872,02D"
2020/06/19,151789,"ENVIO TED","600,00D","213.472,02D"
2020/06/19,152206,"ENVIO TED","5.838,56D","219.310,58D"
2020/06/19,727220,"RESG AUTOM",219310.58,0
2020/06/22,102140,"ENVIO TED","9.900,00D","9.900,00D"
2020/06/22,727220,"RESG AUTOM",9900,0
2020/06/23,1,"CRED TED",1210,1210
2020/06/23,100270,"PAG BOLETO","798,00D",412
2020/06/23,781740,"PG LUZ/GAS","650,57D","238,57D"
2020/06/23,132873,"ENVIO TED","656,00D","894,57D"
2020/06/23,135550,"ENVIO TED","1.439,57D","2.334,14D"
2020/06/23,135867,"ENVIO TED","170,50D","2.504,64D"
2020/06/23,727220,"RESG AUTOM",2504.64,0
2020/06/24,160438,"ENVIO TED","12.560,50D","12.560,50D"
2020/06/24,160706,"ENVIO TED","12.560,50D","25.121,00D"
2020/06/24,727220,"RESG AUTOM",25121,0
2020/06/25,107426,"ENVIO TED","61,95D","61,95D"
2020/06/25,107772,"ENVIO TED","305,55D","367,50D"
2020/06/25,142215,"ENVIO TED","10.884,00D","11.251,50D"
2020/06/25,142697,"ENVIO TED","271.550,06D","282.801,56D"
2020/06/25,143329,"ENVIO TED","5.423,43D","288.224,99D"
2020/06/25,144259,"ENVIO TED","1.938,00D","290.162,99D"
2020/06/25,144773,"ENVIO TED","6.042,00D","296.204,99D"
2020/06/25,145431,"ENVIO TED","289,00D","296.493,99D"
2020/06/25,146008,"ENVIO TED","238,00D","296.731,99D"
2020/06/25,147270,"ENVIO TED","15.897,25D","312.629,24D"
2020/06/25,147588,"ENVIO TED","90,00D","312.719,24D"
2020/06/25,147985,"ENVIO TED","870,00D","313.589,24D"
2020/06/25,148807,"ENVIO TED","115,00D","313.704,24D"
2020/06/25,149685,"ENVIO TED","5.491,00D","319.195,24D"
2020/06/25,150951,"ENVIO TED","412,20D","319.607,44D"
2020/06/25,152008,"ENVIO TED","235,00D","319.842,44D"
2020/06/25,152499,"ENVIO TED","2.820,00D","322.662,44D"
2020/06/25,152911,"ENVIO TED","3.545,40D","326.207,84D"
2020/06/25,153216,"ENVIO TED","1.102,00D","327.309,84D"
2020/06/25,153857,"ENVIO TED","1.351,56D","328.661,40D"
2020/06/25,155671,"ENVIO TED","2.784,00D","331.445,40D"
2020/06/25,156444,"ENVIO TED","1.945,00D","333.390,40D"
2020/06/25,156878,"ENVIO TED","3.890,00D","337.280,40D"
2020/06/25,157397,"ENVIO TED","875,00D","338.155,40D"
2020/06/25,251006,"ENVIO TEV","113,62D","338.269,02D"
2020/06/25,251053,"ENVIO TEV","873,00D","339.142,02D"
2020/06/25,727220,"RESG AUTOM",339142.02,0
2020/06/29,171224,"ENVIO TED","3.105,97D","3.105,97D"
2020/06/29,180288,"ENVIO TED","1.276,80D","4.382,77D"
2020/06/29,181823,"ENVIO TED","1.170,00D","5.552,77D"
2020/06/29,182272,"ENVIO TED","902,00D","6.454,77D"
2020/06/29,182723,"ENVIO TED","9.968,34D","16.423,11D"
2020/06/29,183200,"ENVIO TED","30.547,75D","46.970,86D"
2020/06/29,183714,"ENVIO TED","3.509,20D","50.480,06D"
2020/06/29,184347,"ENVIO TED","12.282,19D","62.762,25D"
2020/06/29,184846,"ENVIO TED","19.982,63D","82.744,88D"
2020/06/29,186604,"ENVIO TED","39.965,29D","122.710,17D"
2020/06/29,187300,"ENVIO TED","71.738,78D","194.448,95D"
2020/06/29,188881,"ENVIO TED","3.019,80D","197.468,75D"
2020/06/29,190806,"ENVIO TED","3.019,80D","200.488,55D"
2020/06/29,191451,"ENVIO TED","3.019,80D","203.508,35D"
2020/06/29,192279,"ENVIO TED","17.002,51D","220.510,86D"
2020/06/29,196197,"ENVIO TED","3.019,80D","223.530,66D"
2020/06/29,290926,"ENVIO TEV","680,00D","224.210,66D"
2020/06/29,291008,"ENVIO TEV","2.208.000,00D","2.432.210,66D"
2020/06/29,291008,"ENVIO TEV","3.019,80D","2.435.230,46D"
2020/06/29,291008,"ENVIO TEV","82.260,00D","2.517.490,46D"
2020/06/29,291008,"ENVIO TEV","280.671,25D","2.798.161,71D"
2020/06/29,291045,"ENVIO TEV","6.050,00D","2.804.211,71D"
2020/06/29,727220,"RESG AUTOM",2804211.71,0
2020/06/30,-,"SALDO FINAL",-,0
"                         Caixa Econômica Federal",,,,
"                              GovConta Caixa",,,,
"                     Extrato das Contas Individuais",,,,
,,,,
"Conta de Referência..: 0316/006/00624053-1 FUNDO MUNICIPAL DE SAUDE        ",,,,
"Data de Solicitação..: 11/05/2021 04:37:05 PM",,,,
"Data de Referência...: 01/07/2020 - 31/07/2020",,,,
,,,,
"Data Mov",Nr.Doc,Histórico,"Valor (R$)","Saldo (R$)"
2020/07/01,-,"SALDO ANTERIOR",-,0
2020/07/01,11022,"ENVIO TEV","206,36D","206,36D"
2020/07/01,11022,"ENVIO TEV","3.881,88D","4.088,24D"
2020/07/01,108305,"ENVIO TED","2.625,01D","6.713,25D"
2020/07/01,108851,"ENVIO TED","880,60D","7.593,85D"
2020/07/01,116202,"ENVIO TED","15.600,00D","23.193,85D"
2020/07/01,119711,"ENVIO TED","2.040,00D","25.233,85D"
2020/07/01,121904,"ENVIO TED","1.470,00D","26.703,85D"
2020/07/01,123434,"ENVIO TED","6.795,35D","33.499,20D"
2020/07/01,123834,"ENVIO TED","62,50D","33.561,70D"
2020/07/01,124165,"ENVIO TED","3.162,50D","36.724,20D"
2020/07/01,124605,"ENVIO TED","1.317,30D","38.041,50D"
2020/07/01,126409,"ENVIO TED","123.840,00D","161.881,50D"
2020/07/01,126461,"ENVIO TED","14.895,66D","176.777,16D"
2020/07/01,126694,"ENVIO TED","3.480,00D","180.257,16D"
2020/07/01,127016,"ENVIO TED","19.310,02D","199.567,18D"
2020/07/01,127467,"ENVIO TED","12.152,70D","211.719,88D"
2020/07/01,128064,"ENVIO TED","500.000,00D","711.719,88D"
2020/07/01,129204,"ENVIO TED","205.381,34D","917.101,22D"
2020/07/01,137595,"ENVIO TED","2.390,00D","919.491,22D"
2020/07/01,727220,"RESG AUTOM",919491.22,0
2020/07/02,1,"CRED TED",8424318.9,8424318.9
2020/07/02,1,"CRED TED",146475,8570793.9
2020/07/02,1,"CRED TED",29260,8600053.9
2020/07/02,1,"CRED TED",28944.09,8628997.99
2020/07/02,990001,"APL AUTOM","8.628.997,99D",0
2020/07/03,1,"CRED TED",1540,1540
2020/07/03,1,"CRED TED",204243.98,205783.98
2020/07/03,31306,"ENVIO TEV","191.940,00D",13843.98
2020/07/03,31306,"ENVIO TEV","247.872,16D","234.028,18D"
2020/07/03,31306,"ENVIO TEV","150.000,00D","384.028,18D"
2020/07/03,134842,"ENVIO TED","3.374,80D","387.402,98D"
2020/07/03,135330,"ENVIO TED","981,07D","388.384,05D"
2020/07/03,135943,"ENVIO TED","1.876,20D","390.260,25D"
2020/07/03,136735,"ENVIO TED","4.545,00D","394.805,25D"
2020/07/03,137312,"ENVIO TED","2.964,00D","397.769,25D"
2020/07/03,137710,"ENVIO TED","952,00D","398.721,25D"
2020/07/03,138728,"ENVIO TED","1.080,00D","399.801,25D"
2020/07/03,140704,"ENVIO TED","287,22D","400.088,47D"
2020/07/03,141186,"ENVIO TED","287,24D","400.375,71D"
2020/07/03,141933,"ENVIO TED","155.225,40D","555.601,11D"
2020/07/03,142574,"ENVIO TED","300,00D","555.901,11D"
2020/07/03,143083,"ENVIO TED","108,30D","556.009,41D"
2020/07/03,143546,"ENVIO TED","175,00D","556.184,41D"
2020/07/03,144052,"ENVIO TED","35,00D","556.219,41D"
2020/07/03,144550,"ENVIO TED","1.149,26D","557.368,67D"
2020/07/03,145541,"ENVIO TED","10.336,59D","567.705,26D"
2020/07/03,147098,"ENVIO TED","8.585,00D","576.290,26D"
2020/07/03,147460,"ENVIO TED","505,00D","576.795,26D"
2020/07/03,147898,"ENVIO TED","120,00D","576.915,26D"
2020/07/03,156425,"ENVIO TED","680,00D","577.595,26D"
2020/07/03,156938,"ENVIO TED","348,00D","577.943,26D"
2020/07/03,157779,"ENVIO TED","2.038,20D","579.981,46D"
2020/07/03,727220,"RESG AUTOM",579981.46,0
2020/07/06,1,"CRED TED",18700,18700
2020/07/06,1,"CRED TED",7500,26200
2020/07/06,1,"CRED TED",169400,195600
2020/07/06,1,"CRED TED",851540.68,1047140.68
2020/07/06,1,"CRED TED",207735.33,1254876.01
2020/07/06,1,"CRED TED",3000,1257876.01
2020/07/06,1,"CRED TED",30872.13,1288748.14
2020/07/06,1,"CRED TED",20960.49,1309708.63
2020/07/06,990001,"APL AUTOM","1.309.708,63D",0
2020/07/07,71026,"ENVIO TEV","500.000,00D","500.000,00D"
2020/07/07,71026,"ENVIO TEV","67.987,50D","567.987,50D"
2020/07/07,71141,"ENVIO TEV","220.534,10D","788.521,60D"
2020/07/07,100596,"ENVIO TED","12.560,50D","801.082,10D"
2020/07/07,101168,"ENVIO TED","12.560,50D","813.642,60D"
2020/07/07,102066,"ENVIO TED","412,41D","814.055,01D"
2020/07/07,104340,"ENVIO TED","39.672,52D","853.727,53D"
2020/07/07,105498,"ENVIO TED","11.736,39D","865.463,92D"
2020/07/07,106670,"ENVIO TED","36.846,57D","902.310,49D"
2020/07/07,107537,"ENVIO TED","139.878,49D","1.042.188,98D"
2020/07/07,108534,"ENVIO TED","12.654,67D","1.054.843,65D"
2020/07/07,120027,"ENVIO TED","71.278,08D","1.126.121,73D"
2020/07/07,171273,"ENVIO TED","3.000,00D","1.129.121,73D"
2020/07/07,172236,"ENVIO TED","749,81D","1.129.871,54D"
2020/07/07,173460,"ENVIO TED","2.886,00D","1.132.757,54D"
2020/07/07,174228,"ENVIO TED","9.487,50D","1.142.245,04D"
2020/07/07,174881,"ENVIO TED","1.547,50D","1.143.792,54D"
2020/07/07,185845,"ENVIO TED","970,00D","1.144.762,54D"
2020/07/07,187829,"ENVIO TED","125,00D","1.144.887,54D"
2020/07/07,188324,"ENVIO TED","1.238,14D","1.146.125,68D"
2020/07/07,190067,"ENVIO TED","19.850,00D","1.165.975,68D"
2020/07/07,193452,"ENVIO TED","2.691,17D","1.168.666,85D"
2020/07/07,194490,"ENVIO TED","5.132,36D","1.173.799,21D"
2020/07/07,196400,"ENVIO TED","9.975,85D","1.183.775,06D"
2020/07/07,197005,"ENVIO TED","7.756,86D","1.191.531,92D"
2020/07/07,197674,"ENVIO TED","1.650,00D","1.193.181,92D"
2020/07/07,198316,"ENVIO TED","8.961,10D","1.202.143,02D"
2020/07/07,199093,"ENVIO TED","6.655,92D","1.208.798,94D"
2020/07/07,199721,"ENVIO TED","8.317,00D","1.217.115,94D"
2020/07/07,727220,"RESG AUTOM",1217115.94,0
2020/07/09,594492,"PAG FONE","296,93D","296,93D"
2020/07/09,90915,"ENVIO TEV","52.636,77D","52.933,70D"
2020/07/09,90924,"ENVIO TEV","998.467,67D","1.051.401,37D"
2020/07/09,90924,"ENVIO TEV","88.595,17D","1.139.996,54D"
2020/07/09,131371,"ENVIO TED","175.000,00D","1.314.996,54D"
2020/07/09,131474,"ENVIO TED","7.263,14D","1.322.259,68D"
2020/07/09,131542,"ENVIO TED","201.064,57D","1.523.324,25D"
2020/07/09,131632,"ENVIO TED","12.302,40D","1.535.626,65D"
2020/07/09,131699,"ENVIO TED","1.425,60D","1.537.052,25D"
2020/07/09,131770,"ENVIO TED","2.278,14D","1.539.330,39D"
2020/07/09,131906,"ENVIO TED","2.333,98D","1.541.664,37D"
2020/07/09,132005,"ENVIO TED","3.723,30D","1.545.387,67D"
2020/07/09,132108,"ENVIO TED","1.540,00D","1.546.927,67D"
2020/07/09,132238,"ENVIO TED","23.598,75D","1.570.526,42D"
2020/07/09,132430,"ENVIO TED","139.953,60D","1.710.480,02D"
2020/07/09,727220,"RESG AUTOM",1710480.02,0
2020/07/13,130936,"ENVIO TEV","2.130,40D","2.130,40D"
2020/07/13,130936,"ENVIO TEV","925,75D","3.056,15D"
2020/07/13,130936,"ENVIO TEV","555,45D","3.611,60D"
2020/07/13,130936,"ENVIO TEV","4.999,05D","8.610,65D"
2020/07/13,130936,"ENVIO TEV","11.294,15D","19.904,80D"
2020/07/13,142224,"ENVIO TED","831,60D","20.736,40D"
2020/07/13,149611,"ENVIO TED","106.752,00D","127.488,40D"
2020/07/13,150606,"ENVIO TED","20.714,20D","148.202,60D"
2020/07/13,156194,"ENVIO TED","2.400,00D","150.602,60D"
2020/07/13,156806,"ENVIO TED","126,30D","150.728,90D"
2020/07/13,159963,"ENVIO TED","120,00D","150.848,90D"
2020/07/13,160401,"ENVIO TED","3.249,95D","154.098,85D"
2020/07/13,160778,"ENVIO TED","295,45D","154.394,30D"
2020/07/13,161212,"ENVIO TED","112,00D","154.506,30D"
2020/07/13,162171,"ENVIO TED","2.699,00D","157.205,30D"
2020/07/13,163958,"ENVIO TED","23.099,90D","180.305,20D"
2020/07/13,164483,"ENVIO TED","14.100,00D","194.405,20D"
2020/07/13,165176,"ENVIO TED","11.100,00D","205.505,20D"
2020/07/13,166449,"ENVIO TED","800,00D","206.305,20D"
2020/07/13,167251,"ENVIO TED","10.903,20D","217.208,40D"
2020/07/13,168261,"ENVIO TED","7.700,00D","224.908,40D"
2020/07/13,727220,"RESG AUTOM",224908.4,0
2020/07/14,1,"CRED TED",9855.86,9855.86
2020/07/14,1,"CRED TED",4012.88,13868.74
2020/07/14,1,"CRED TED",304,14172.74
2020/07/14,1,"CRED TED",33900,48072.74
2020/07/14,990001,"APL AUTOM","48.072,74D",0
2020/07/15,1,"CRED TED",1000000,1000000
2020/07/15,1,"CRED TED",299000,1299000
2020/07/15,1,"CRED TED",800000,2099000
2020/07/15,120639,"ENVIO TED","111,60D",2098888.4
2020/07/15,150619,"ENVIO TED","66.800,00D",2032088.4
2020/07/15,151027,"ENVIO TEV","5.200,00D",2026888.4
2020/07/15,151027,"ENVIO TEV","52.636,77D",1974251.63
2020/07/15,151027,"ENVIO TEV","30.000,00D",1944251.63
2020/07/15,151027,"ENVIO TEV","1.380,00D",1942871.63
2020/07/15,151027,"ENVIO TEV","5.939,83D",1936931.8
2020/07/15,151027,"ENVIO TEV","16.991,86D",1919939.94
2020/07/15,151027,"ENVIO TEV","35.200,00D",1884739.94
2020/07/15,151221,"ENVIO TEV","375,00D",1884364.94
2020/07/15,152207,"ENVIO TED","31.504,50D",1852860.44
2020/07/15,153467,"ENVIO TED","65.762,53D",1787097.91
2020/07/15,153938,"ENVIO TED","52.397,52D",1734700.39
2020/07/15,155256,"ENVIO TED","302.306,29D",1432394.1
2020/07/15,157766,"ENVIO TED","6.073,20D",1426320.9
2020/07/15,161177,"ENVIO TED","3.498,00D",1422822.9
2020/07/15,161894,"ENVIO TED","15.162,00D",1407660.9
2020/07/15,162320,"ENVIO TED","12.180,00D",1395480.9
2020/07/15,990001,"APL AUTOM","1.395.480,90D",0
2020/07/17,58312,"PAG BOLETO","1.882,50D","1.882,50D"
2020/07/17,119390,"ENVIO TED","1.114,50D","2.997,00D"
2020/07/17,120263,"ENVIO TED","378,00D","3.375,00D"
2020/07/17,120523,"ENVIO TED","546,00D","3.921,00D"
2020/07/17,120750,"ENVIO TED","158,60D","4.079,60D"
2020/07/17,121635,"ENVIO TED","3.275,00D","7.354,60D"
2020/07/17,121863,"ENVIO TED","5.633,00D","12.987,60D"
2020/07/17,145679,"ENVIO TED","1.665,00D","14.652,60D"
2020/07/17,171429,"ENVIO TEV","148.015,10D","162.667,70D"
2020/07/17,171429,"ENVIO TEV","23.674,50D","186.342,20D"
2020/07/17,184882,"ENVIO TED","271.550,06D","457.892,26D"
2020/07/17,185529,"ENVIO TED","10.884,00D","468.776,26D"
2020/07/17,727220,"RESG AUTOM",468776.26,0
2020/07/20,139341,"ENVIO TED","30.547,75D","30.547,75D"
2020/07/20,139740,"ENVIO TED","59.947,92D","90.495,67D"
2020/07/20,200920,"ENVIO TEV","82.260,00D","172.755,67D"
2020/07/20,200920,"ENVIO TEV","106.163,42D","278.919,09D"
2020/07/20,727220,"RESG AUTOM",278919.09,0
2020/07/21,1,"CRED TED",68445.8,68445.8
2020/07/21,42391,"DOC ELET E","1.200,00D",67245.8
2020/07/21,108385,"ENVIO TED","1.759,98D",65485.82
2020/07/21,109376,"ENVIO TED","6.190,00D",59295.82
2020/07/21,110514,"ENVIO TED","1.515,00D",57780.82
2020/07/21,111312,"ENVIO TED","19.200,00D",38580.82
2020/07/21,123139,"ENVIO TED","1.666,00D",36914.82
2020/07/21,123980,"ENVIO TED","8.262,12D",28652.7
2020/07/21,124589,"ENVIO TED","5.423,43D",23229.27
2020/07/21,124997,"ENVIO TED","3.537,00D",19692.27
2020/07/21,125278,"ENVIO TED","330,00D",19362.27
2020/07/21,125552,"ENVIO TED","7.021,85D",12340.42
2020/07/21,125996,"ENVIO TED","19.658,10D","7.317,68D"
2020/07/21,126349,"ENVIO TED","5.838,56D","13.156,24D"
2020/07/21,126649,"ENVIO TED","2.369,58D","15.525,82D"
2020/07/21,126948,"ENVIO TED","509,58D","16.035,40D"
2020/07/21,127170,"ENVIO TED","1.528,74D","17.564,14D"
2020/07/21,127459,"ENVIO TED","2.011,87D","19.576,01D"
2020/07/21,127716,"ENVIO TED","4.214,09D","23.790,10D"
2020/07/21,138304,"ENVIO TED","6.076,00D","29.866,10D"
2020/07/21,138630,"ENVIO TED","396,00D","30.262,10D"
2020/07/21,138941,"ENVIO TED","10.120,00D","40.382,10D"
2020/07/21,727220,"RESG AUTOM",40382.1,0
2020/07/23,1,"CRED TED",20948.1,20948.1
2020/07/23,1,"CRED TED",200000,220948.1
2020/07/23,1,"CRED TED",20948.1,241896.2
2020/07/23,1,"CRED TED",500000,741896.2
2020/07/23,1,"CRED TED",37816,779712.2
2020/07/23,101046,"ENVIO TED","3.723,75D",775988.45
2020/07/23,101419,"ENVIO TED","2.730,00D",773258.45
2020/07/23,198243,"ENVIO TED","480,00D",772778.45
2020/07/23,199070,"ENVIO TED","520,00D",772258.45
2020/07/23,199919,"ENVIO TED","609,40D",771649.05
2020/07/23,231252,"ENVIO TEV","390,00D",771259.05
2020/07/23,990001,"APL AUTOM","771.259,05D",0
2020/07/24,1,"CRED TED",20948.1,20948.1
2020/07/24,1,"CRED TED",17840,38788.1
2020/07/24,1,"CRED TED",20948.1,59736.2
2020/07/24,1,"CRED TED",20948.1,80684.3
2020/07/24,1,"CRED TED",20948.1,101632.4
2020/07/24,183000,"ENVIO TED","17.002,51D",84629.89
2020/07/24,990001,"APL AUTOM","84.629,89D",0
2020/07/27,107091,"ENVIO TED","360,00D","360,00D"
2020/07/27,107891,"ENVIO TED","16.405,00D","16.765,00D"
2020/07/27,108558,"ENVIO TED","135.557,28D","152.322,28D"
2020/07/27,130371,"ENVIO TED","3.239,20D","155.561,48D"
2020/07/27,130926,"ENVIO TED","1.336,20D","156.897,68D"
2020/07/27,131261,"ENVIO TED","1.238,09D","158.135,77D"
2020/07/27,131690,"ENVIO TED","1.698,00D","159.833,77D"
2020/07/27,132430,"ENVIO TED","1.273,50D","161.107,27D"
2020/07/27,133916,"ENVIO TED","29.981,21D","191.088,48D"
2020/07/27,134418,"ENVIO TED","2.100,11D","193.188,59D"
2020/07/27,134893,"ENVIO TED","36.266,47D","229.455,06D"
2020/07/27,135303,"ENVIO TED","15.671,35D","245.126,41D"
2020/07/27,135911,"ENVIO TED","1.082,80D","246.209,21D"
2020/07/27,136635,"ENVIO TED","308,23D","246.517,44D"
2020/07/27,137814,"ENVIO TED","318,66D","246.836,10D"
2020/07/27,139301,"ENVIO TED","263,94D","247.100,04D"
2020/07/27,140388,"ENVIO TED","289,44D","247.389,48D"
2020/07/27,143327,"ENVIO TED","226.000,00D","473.389,48D"
2020/07/27,144322,"ENVIO TED","54.787,40D","528.176,88D"
2020/07/27,145251,"ENVIO TED","12.429,20D","540.606,08D"
2020/07/27,146055,"ENVIO TED","15.791,39D","556.397,47D"
2020/07/27,147435,"ENVIO TED","88.245,00D","644.642,47D"
2020/07/27,157385,"ENVIO TED","1.317,30D","645.959,77D"
2020/07/27,271002,"ENVIO TEV","810,00D","646.769,77D"
2020/07/27,727220,"RESG AUTOM",646769.77,0
2020/07/29,109814,"ENVIO TED","7.220,00D","7.220,00D"
2020/07/29,161042,"ENVIO TED","865,00D","8.085,00D"
2020/07/29,161797,"ENVIO TED","875,00D","8.960,00D"
2020/07/29,194445,"ENVIO TED","1.145,34D","10.105,34D"
2020/07/29,727220,"RESG AUTOM",10105.34,0
2020/07/31,130873,"ENVIO TED","5.675,00D","5.675,00D"
2020/07/31,131321,"ENVIO TED","137,60D","5.812,60D"
2020/07/31,131655,"ENVIO TED","2.350,00D","8.162,60D"
2020/07/31,132027,"ENVIO TED","10.508,34D","18.670,94D"
2020/07/31,132480,"ENVIO TED","2.138,40D","20.809,34D"
2020/07/31,133109,"ENVIO TED","10.473,94D","31.283,28D"
2020/07/31,133582,"ENVIO TED","7.177,44D","38.460,72D"
2020/07/31,134035,"ENVIO TED","3.226,86D","41.687,58D"
2020/07/31,134340,"ENVIO TED","1.957,06D","43.644,64D"
2020/07/31,134682,"ENVIO TED","2.522,00D","46.166,64D"
2020/07/31,135208,"ENVIO TED","125,00D","46.291,64D"
2020/07/31,136811,"ENVIO TED","450,00D","46.741,64D"
2020/07/31,152759,"ENVIO TED","351,88D","47.093,52D"
2020/07/31,153431,"ENVIO TED","1.680,00D","48.773,52D"
2020/07/31,153830,"ENVIO TED","700,00D","49.473,52D"
2020/07/31,154289,"ENVIO TED","11.946,89D","61.420,41D"
2020/07/31,154759,"ENVIO TED","4.870,26D","66.290,67D"
2020/07/31,156045,"ENVIO TED","1.967,57D","68.258,24D"
2020/07/31,157332,"ENVIO TED","2.038,00D","70.296,24D"
2020/07/31,157827,"ENVIO TED","563,00D","70.859,24D"
2020/07/31,158206,"ENVIO TED","2.844,25D","73.703,49D"
2020/07/31,158636,"ENVIO TED","546,15D","74.249,64D"
2020/07/31,160237,"ENVIO TED","5.391,00D","79.640,64D"
2020/07/31,160885,"ENVIO TED","4.193,00D","83.833,64D"
2020/07/31,160973,"ENVIO TED","12.750,00D","96.583,64D"
2020/07/31,162045,"ENVIO TED","555,80D","97.139,44D"
2020/07/31,162579,"ENVIO TED","315,60D","97.455,04D"
2020/07/31,166666,"ENVIO TED","3.019,80D","100.474,84D"
2020/07/31,180640,"ENVIO TED","3.019,80D","103.494,64D"
2020/07/31,181118,"ENVIO TED","3.019,80D","106.514,44D"
2020/07/31,181589,"ENVIO TED","3.019,80D","109.534,24D"
2020/07/31,191562,"ENVIO TED","103.200,00D","212.734,24D"
2020/07/31,193189,"ENVIO TED","500.000,00D","712.734,24D"
2020/07/31,193820,"ENVIO TED","219.829,34D","932.563,58D"
2020/07/31,310826,"ENVIO TEV","384,58D","932.948,16D"
2020/07/31,310826,"ENVIO TEV","3.019,80D","935.967,96D"
2020/07/31,310826,"ENVIO TEV","2.208.000,00D","3.143.967,96D"
2020/07/31,310826,"ENVIO TEV","5.616,38D","3.149.584,34D"
2020/07/31,310826,"ENVIO TEV","936.737,42D","4.086.321,76D"
2020/07/31,311319,"ENVIO TEV","78.240,00D","4.164.561,76D"
2020/07/31,311319,"ENVIO TEV","78.240,00D","4.242.801,76D"
2020/07/31,727220,"RESG AUTOM",4242801.76,0
2020/07/31,-,"SALDO FINAL",-,0
"                         Caixa Econômica Federal",,,,
"                              GovConta Caixa",,,,
"                     Extrato das Contas Individuais",,,,
,,,,
"Conta de Referência..: 0316/006/00624053-1 FUNDO MUNICIPAL DE SAUDE        ",,,,
"Data de Solicitação..: 11/05/2021 04:37:22 PM",,,,
"Data de Referência...: 01/08/2020 - 31/08/2020",,,,
,,,,
"Data Mov",Nr.Doc,Histórico,"Valor (R$)","Saldo (R$)"
2020/08/01,-,"SALDO ANTERIOR",-,0
2020/08/03,31317,"ENVIO TEV","5.222.348,71D","5.222.348,71D"
2020/08/03,727220,"RESG AUTOM",5222348.71,0
2020/08/04,1,"CRED TED",179200,179200
2020/08/04,1,"CRED TED",8424318.9,8603518.9
2020/08/04,1,"CRED TED",30872.13,8634391.03
2020/08/04,1,"CRED TED",876790.68,9511181.71
2020/08/04,136074,"DEVOL TED",7190,9518371.71
2020/08/04,40849,"ENVIO TEV","2.213.990,00D",7304381.71
2020/08/04,104766,"ENVIO TED","15.950,00D",7288431.71
2020/08/04,136074,"ENVIO TED","7.190,00D",7281241.71
2020/08/04,137318,"ENVIO TED","13.265,98D",7267975.73
2020/08/04,138091,"ENVIO TED","798,00D",7267177.73
2020/08/04,138636,"ENVIO TED","749,81D",7266427.92
2020/08/04,139640,"ENVIO TED","592,80D",7265835.12
2020/08/04,144357,"ENVIO TED","287,24D",7265547.88
2020/08/04,144818,"ENVIO TED","287,22D",7265260.66
2020/08/04,145823,"ENVIO TED","3.798,00D",7261462.66
2020/08/04,990001,"APL AUTOM","7.261.462,66D",0
2020/08/05,1,"CRED TED",89556,89556
2020/08/05,1,"CRED TED",29260,118816
2020/08/05,1,"CRED TED",28944.09,147760.09
2020/08/05,1,"CRED TED",207735.33,355495.42
2020/08/05,1,"CRED TED",7500,362995.42
2020/08/05,1,"CRED TED",146475,509470.42
2020/08/05,1,"CRED TED",18700,528170.42
2020/08/05,990001,"APL AUTOM","528.170,42D",0
2020/08/06,1,"CRED TED",204243.98,204243.98
2020/08/06,1,"CRED TED",507432,711675.98
2020/08/06,1,"CRED TED",1540,713215.98
2020/08/06,1,"CRED TED",3000,716215.98
2020/08/06,60851,"ENVIO TEV","220.534,10D",495681.88
2020/08/06,60947,"ENVIO TEV","333.333,00D",162348.88
2020/08/06,60947,"ENVIO TEV","150.000,00D",12348.88
2020/08/06,60947,"ENVIO TEV","191.940,00D","179.591,12D"
2020/08/06,136217,"ENVIO TED","638,40D","180.229,52D"
2020/08/06,137731,"ENVIO TED","368,60D","180.598,12D"
2020/08/06,138609,"ENVIO TED","4.500,00D","185.098,12D"
2020/08/06,139761,"ENVIO TED","720,00D","185.818,12D"
2020/08/06,140437,"ENVIO TED","27.107,45D","212.925,57D"
2020/08/06,140874,"ENVIO TED","2.775,00D","215.700,57D"
2020/08/06,141289,"ENVIO TED","225,00D","215.925,57D"
2020/08/06,141884,"ENVIO TED","135,00D","216.060,57D"
2020/08/06,142357,"ENVIO TED","595,91D","216.656,48D"
2020/08/06,143020,"ENVIO TED","4.333,00D","220.989,48D"
2020/08/06,143927,"ENVIO TED","5.132,36D","226.121,84D"
2020/08/06,144468,"ENVIO TED","7.263,14D","233.384,98D"
2020/08/06,145064,"ENVIO TED","530,00D","233.914,98D"
2020/08/06,145496,"ENVIO TED","2.677,50D","236.592,48D"
2020/08/06,146215,"ENVIO TED","1.375,00D","237.967,48D"
2020/08/06,146780,"ENVIO TED","12.560,50D","250.527,98D"
2020/08/06,147175,"ENVIO TED","12.560,50D","263.088,48D"
2020/08/06,147826,"ENVIO TED","5.929,13D","269.017,61D"
2020/08/06,148458,"ENVIO TED","8.961,10D","277.978,71D"
2020/08/06,148967,"ENVIO TED","1.650,00D","279.628,71D"
2020/08/06,149437,"ENVIO TED","7.756,86D","287.385,57D"
2020/08/06,150117,"ENVIO TED","9.975,85D","297.361,42D"
2020/08/06,150724,"ENVIO TED","2.691,17D","300.052,59D"
2020/08/06,154489,"ENVIO TED","8.317,00D","308.369,59D"
2020/08/06,155633,"ENVIO TED","6.655,92D","315.025,51D"
2020/08/06,156622,"ENVIO TED","11.736,39D","326.761,90D"
2020/08/06,727220,"RESG AUTOM",326761.9,0
2020/08/07,127316,"ENVIO TED","139.954,75D","139.954,75D"
2020/08/07,127670,"ENVIO TED","155.225,40D","295.180,15D"
2020/08/07,727220,"RESG AUTOM",295180.15,0
2020/08/10,1,"CRED TED",304,304
2020/08/10,1,"CRED TED",9855.86,10159.86
2020/08/10,1,"CRED TED",4012.88,14172.74
2020/08/10,185346,"DEVOL TED",350,14522.74
2020/08/10,100920,"ENVIO TEV","148.015,10D","133.492,36D"
2020/08/10,100920,"ENVIO TEV","23.674,50D","157.166,86D"
2020/08/10,100920,"ENVIO TEV","5.069,60D","162.236,46D"
2020/08/10,148274,"ENVIO TED","12.494,05D","174.730,51D"
2020/08/10,149124,"ENVIO TED","211,20D","174.941,71D"
2020/08/10,152154,"ENVIO TED","131,00D","175.072,71D"
2020/08/10,152808,"ENVIO TED","297,50D","175.370,21D"
2020/08/10,153776,"ENVIO TED","825,00D","176.195,21D"
2020/08/10,154352,"ENVIO TED","18,15D","176.213,36D"
2020/08/10,157638,"ENVIO TED","565,60D","176.778,96D"
2020/08/10,185346,"ENVIO TED","350,00D","177.128,96D"
2020/08/10,185598,"ENVIO TED","885,00D","178.013,96D"
2020/08/10,727220,"RESG AUTOM",178013.96,0
2020/08/11,111324,"ENVIO TEV","998.467,67D","998.467,67D"
2020/08/11,111324,"ENVIO TEV","52.636,77D","1.051.104,44D"
2020/08/11,111324,"ENVIO TEV","88.595,17D","1.139.699,61D"
2020/08/11,155325,"ENVIO TED","175.000,00D","1.314.699,61D"
2020/08/11,727220,"RESG AUTOM",1314699.61,0
2020/08/12,125909,"ENVIO TED","4.200,00D","4.200,00D"
2020/08/12,126365,"ENVIO TED","4.952,00D","9.152,00D"
2020/08/12,126683,"ENVIO TED","58,50D","9.210,50D"
2020/08/12,127123,"ENVIO TED","2.400,00D","11.610,50D"
2020/08/12,127864,"ENVIO TED","2.400,00D","14.010,50D"
2020/08/12,727220,"RESG AUTOM",14010.5,0
2020/08/14,133091,"ENVIO TED","383.036,95D","383.036,95D"
2020/08/14,133702,"ENVIO TED","7.000,00D","390.036,95D"
2020/08/14,141018,"ENVIO TEV","11.294,15D","401.331,10D"
2020/08/14,141018,"ENVIO TEV","586.735,40D","988.066,50D"
2020/08/14,141018,"ENVIO TEV","555,45D","988.621,95D"
2020/08/14,141018,"ENVIO TEV","4.999,05D","993.621,00D"
2020/08/14,141018,"ENVIO TEV","2.048,20D","995.669,20D"
2020/08/14,141018,"ENVIO TEV","925,75D","996.594,95D"
2020/08/14,154810,"ENVIO TED","52.397,52D","1.048.992,47D"
2020/08/14,156601,"ENVIO TED","308.498,29D","1.357.490,76D"
2020/08/14,162133,"ENVIO TED","1.152,97D","1.358.643,73D"
2020/08/14,163024,"ENVIO TED","630,00D","1.359.273,73D"
2020/08/14,164382,"ENVIO TED","6.050,00D","1.365.323,73D"
2020/08/14,164815,"ENVIO TED","2.876,30D","1.368.200,03D"
2020/08/14,165432,"ENVIO TED","10.409,62D","1.378.609,65D"
2020/08/14,165912,"ENVIO TED","478,00D","1.379.087,65D"
2020/08/14,727220,"RESG AUTOM",1379087.65,0
2020/08/17,1,"CRED TED",68445.8,68445.8
2020/08/17,1,"CRED TED",20960.49,89406.29
2020/08/17,990001,"APL AUTOM","89.406,29D",0
2020/08/18,1,"CRED TED",18250,18250
2020/08/18,133486,"ENVIO TED","7.052,13D",11197.87
2020/08/18,133781,"ENVIO TED","240,00D",10957.87
2020/08/18,134246,"ENVIO TED","2.100,00D",8857.87
2020/08/18,134988,"ENVIO TED","4.518,70D",4339.17
2020/08/18,135396,"ENVIO TED","3.307,20D",1031.97
2020/08/18,136287,"ENVIO TED","438,00D",593.97
2020/08/18,136805,"ENVIO TED","7.177,44D","6.583,47D"
2020/08/18,137215,"ENVIO TED","4.214,09D","10.797,56D"
2020/08/18,137601,"ENVIO TED","2.011,87D","12.809,43D"
2020/08/18,138187,"ENVIO TED","249,70D","13.059,13D"
2020/08/18,138641,"ENVIO TED","6.153,86D","19.212,99D"
2020/08/18,139002,"ENVIO TED","374,55D","19.587,54D"
2020/08/18,180927,"ENVIO TEV","5.939,83D","25.527,37D"
2020/08/18,180927,"ENVIO TEV","16.991,86D","42.519,23D"
2020/08/18,727220,"RESG AUTOM",42519.23,0
2020/08/19,133467,"ENVIO TED","78.458,62D","78.458,62D"
2020/08/19,727220,"RESG AUTOM",78458.62,0
2020/08/20,95330,"PAG BOLETO","800,00D","800,00D"
2020/08/20,95351,"PAG BOLETO","870,00D","1.670,00D"
2020/08/20,255965,"PAG FONE","323,30D","1.993,30D"
2020/08/20,124548,"ENVIO TED","113,10D","2.106,40D"
2020/08/20,125130,"ENVIO TED","1.546,00D","3.652,40D"
2020/08/20,127955,"ENVIO TED","5.838,56D","9.490,96D"
2020/08/20,128598,"ENVIO TED","520,00D","10.010,96D"
2020/08/20,129001,"ENVIO TED","362,12D","10.373,08D"
2020/08/20,200858,"ENVIO TEV","502,40D","10.875,48D"
2020/08/20,727220,"RESG AUTOM",10875.48,0
2020/08/24,513514,"PG LUZ/GAS","857,24D","857,24D"
2020/08/24,513515,"PG LUZ/GAS","738,15D","1.595,39D"
2020/08/24,135929,"ENVIO TED","798,00D","2.393,39D"
2020/08/24,138198,"ENVIO TED","1.850,00D","4.243,39D"
2020/08/24,138736,"ENVIO TED","5.199,60D","9.442,99D"
2020/08/24,139647,"ENVIO TED","204.100,00D","213.542,99D"
2020/08/24,140382,"ENVIO TED","7.021,85D","220.564,84D"
2020/08/24,140794,"ENVIO TED","330,00D","220.894,84D"
2020/08/24,727220,"RESG AUTOM",220894.84,0
2020/08/25,1,"CRED TED",3358162,3358162
2020/08/25,1,"CRED TED",11670374,15028536
2020/08/25,990001,"APL AUTOM","15.028.536,00D",0
2020/08/26,166130,"ENVIO TED","356,50D","356,50D"
2020/08/26,167116,"ENVIO TED","1.527,47D","1.883,97D"
2020/08/26,168744,"ENVIO TED","1.932,00D","3.815,97D"
2020/08/26,169713,"ENVIO TED","3.079,00D","6.894,97D"
2020/08/26,171221,"ENVIO TED","1.210,00D","8.104,97D"
2020/08/26,174545,"ENVIO TED","680,45D","8.785,42D"
2020/08/26,175282,"ENVIO TED","12.494,05D","21.279,47D"
2020/08/26,176193,"ENVIO TED","14.103,76D","35.383,23D"
2020/08/26,177237,"ENVIO TED","23.833,17D","59.216,40D"
2020/08/26,177844,"ENVIO TED","12.000,00D","71.216,40D"
2020/08/26,178808,"ENVIO TED","371.491,38D","442.707,78D"
2020/08/26,179370,"ENVIO TED","59.947,92D","502.655,70D"
2020/08/26,180054,"ENVIO TED","30.547,75D","533.203,45D"
2020/08/26,180717,"ENVIO TED","17.002,51D","550.205,96D"
2020/08/26,181413,"ENVIO TED","5.423,43D","555.629,39D"
2020/08/26,182317,"ENVIO TED","5.029,88D","560.659,27D"
2020/08/26,182888,"ENVIO TED","1.120,00D","561.779,27D"
2020/08/26,182907,"ENVIO TED","2.347,80D","564.127,07D"
2020/08/26,183722,"ENVIO TED","2.999,99D","567.127,06D"
2020/08/26,727220,"RESG AUTOM",567127.06,0
2020/08/28,243683,"PAG FONE","519,21D","519,21D"
2020/08/28,154054,"ENVIO TED","15.791,39D","16.310,60D"
2020/08/28,154895,"ENVIO TED","1.592,83D","17.903,43D"
2020/08/28,155738,"ENVIO TED","3.019,80D","20.923,23D"
2020/08/28,156400,"ENVIO TED","3.019,80D","23.943,03D"
2020/08/28,157131,"ENVIO TED","3.019,80D","26.962,83D"
2020/08/28,164594,"ENVIO TED","3.019,80D","29.982,63D"
2020/08/28,165054,"ENVIO TED","4.209,20D","34.191,83D"
2020/08/28,165461,"ENVIO TED","5.197,08D","39.388,91D"
2020/08/28,165844,"ENVIO TED","1.180,76D","40.569,67D"
2020/08/28,166166,"ENVIO TED","266,94D","40.836,61D"
2020/08/28,166457,"ENVIO TED","65,07D","40.901,68D"
2020/08/28,166778,"ENVIO TED","68,00D","40.969,68D"
2020/08/28,167122,"ENVIO TED","688,00D","41.657,68D"
2020/08/28,167536,"ENVIO TED","240,15D","41.897,83D"
2020/08/28,167848,"ENVIO TED","5,20D","41.903,03D"
2020/08/28,281034,"ENVIO TEV","1.836,16D","43.739,19D"
2020/08/28,281034,"ENVIO TEV","3.855,18D","47.594,37D"
2020/08/28,281034,"ENVIO TEV","506,52D","48.100,89D"
2020/08/28,281034,"ENVIO TEV","3.019,80D","51.120,69D"
2020/08/28,281034,"ENVIO TEV","82.260,00D","133.380,69D"
2020/08/28,727220,"RESG AUTOM",133380.69,0
2020/08/31,1,"CRED TED",3312000,3312000
2020/08/31,151398,"ENVIO TED","82.560,00D",3229440
2020/08/31,152504,"ENVIO TED","500.000,00D",2729440
2020/08/31,153252,"ENVIO TED","240.681,60D",2488758.4
2020/08/31,151398,"DOC/TED ELETRONICO","10,00D",2488748.4
2020/08/31,152504,"DOC/TED ELETRONICO","10,00D",2488738.4
2020/08/31,153252,"DOC/TED ELETRONICO","10,00D",2488728.4
2020/08/31,990001,"APL AUTOM","2.488.728,40D",0
2020/08/31,-,"SALDO FINAL",-,0
"                         Caixa Econômica Federal",,,,
"                              GovConta Caixa",,,,
"                     Extrato das Contas Individuais",,,,
,,,,
"Conta de Referência..: 0316/006/00624053-1 FUNDO MUNICIPAL DE SAUDE        ",,,,
"Data de Solicitação..: 11/05/2021 04:37:39 PM",,,,
"Data de Referência...: 01/09/2020 - 30/09/2020",,,,
,,,,
"Data Mov",Nr.Doc,Histórico,"Valor (R$)","Saldo (R$)"
2020/09/01,-,"SALDO ANTERIOR",-,0
2020/09/01,10949,"ENVIO TEV","273,00D","273,00D"
2020/09/01,11424,"ENVIO TEV","7.160,60D","7.433,60D"
2020/09/01,158946,"ENVIO TED","18.329,85D","25.763,45D"
2020/09/01,160337,"ENVIO TED","430,60D","26.194,05D"
2020/09/01,161492,"ENVIO TED","209.400,00D","235.594,05D"
2020/09/01,162001,"ENVIO TED","287,24D","235.881,29D"
2020/09/01,162443,"ENVIO TED","287,22D","236.168,51D"
2020/09/01,163132,"ENVIO TED","142,60D","236.311,11D"
2020/09/01,158946,"DOC/TED ELETRONICO","10,00D","236.321,11D"
2020/09/01,160337,"DOC/TED ELETRONICO","10,00D","236.331,11D"
2020/09/01,161492,"DOC/TED ELETRONICO","10,00D","236.341,11D"
2020/09/01,162001,"DOC/TED ELETRONICO","10,00D","236.351,11D"
2020/09/01,162443,"DOC/TED ELETRONICO","10,00D","236.361,11D"
2020/09/01,163132,"DOC/TED ELETRONICO","10,00D","236.371,11D"
2020/09/01,727220,"RESG AUTOM",236371.11,0
2020/09/02,1,"CRED TED",876790.68,876790.68
2020/09/02,1,"CRED TED",51740,928530.68
2020/09/02,1,"CRED TED",8530318.9,9458849.58
2020/09/02,1,"CRED TED",179200,9638049.58
2020/09/02,1,"CRED TED",30872.13,9668921.71
2020/09/02,1,"CRED TED",3000,9671921.71
2020/09/02,1,"CRED TED",146475,9818396.71
2020/09/02,1,"CRED TED",207735.33,10026132.04
2020/09/02,21200,"ENVIO TEV","220.534,10D",9805597.94
2020/09/02,990001,"APL AUTOM","9.805.597,94D",0
2020/09/03,1,"CRED TED",28944.09,28944.09
2020/09/03,1,"CRED TED",1540,30484.09
2020/09/03,1,"CRED TED",18700,49184.09
2020/09/03,1,"CRED TED",29260,78444.09
2020/09/03,1,"CRED TED",7500,85944.09
2020/09/03,132598,"DEVOL TED",217601.46,303545.55
2020/09/03,133597,"DEVOL TED",217601.46,521147.01
2020/09/03,134446,"DEVOL TED",156490.43,677637.44
2020/09/03,30937,"ENVIO TEV","150.000,00D",527637.44
2020/09/03,30937,"ENVIO TEV","198.681,00D",328956.44
2020/09/03,30937,"ENVIO TEV","2.213.990,00D","1.885.033,56D"
2020/09/03,30937,"ENVIO TEV","78.240,00D","1.963.273,56D"
2020/09/03,30937,"ENVIO TEV","2.208.000,00D","4.171.273,56D"
2020/09/03,30937,"ENVIO TEV","3.199,50D","4.174.473,06D"
2020/09/03,30937,"ENVIO TEV","500.000,00D","4.674.473,06D"
2020/09/03,30937,"ENVIO TEV","2.295,00D","4.676.768,06D"
2020/09/03,100153,"ENVIO TED","5.132,36D","4.681.900,42D"
2020/09/03,100739,"ENVIO TED","2.691,17D","4.684.591,59D"
2020/09/03,103266,"ENVIO TED","2.424,84D","4.687.016,43D"
2020/09/03,132598,"ENVIO TED","217.601,46D","4.904.617,89D"
2020/09/03,133597,"ENVIO TED","217.601,46D","5.122.219,35D"
2020/09/03,134446,"ENVIO TED","156.490,43D","5.278.709,78D"
2020/09/03,153485,"ENVIO TED","20,00D","5.278.729,78D"
2020/09/03,154621,"ENVIO TED","39.672,52D","5.318.402,30D"
2020/09/03,155535,"ENVIO TED","12.654,67D","5.331.056,97D"
2020/09/03,156264,"ENVIO TED","11.736,39D","5.342.793,36D"
2020/09/03,156897,"ENVIO TED","155.225,40D","5.498.018,76D"
2020/09/03,157721,"ENVIO TED","36.846,57D","5.534.865,33D"
2020/09/03,158513,"ENVIO TED","139.878,49D","5.674.743,82D"
2020/09/03,159407,"ENVIO TED","71.278,08D","5.746.021,90D"
2020/09/03,171053,"ENVIO TED","3.100,00D","5.749.121,90D"
2020/09/03,176396,"ENVIO TED","1.531,05D","5.750.652,95D"
2020/09/03,176995,"ENVIO TED","1.200,00D","5.751.852,95D"
2020/09/03,179014,"ENVIO TED","3.840,00D","5.755.692,95D"
2020/09/03,179473,"ENVIO TED","2.396,40D","5.758.089,35D"
2020/09/03,179916,"ENVIO TED","1.843,00D","5.759.932,35D"
2020/09/03,180441,"ENVIO TED","2.785,20D","5.762.717,55D"
2020/09/03,181524,"ENVIO TED","13.124,14D","5.775.841,69D"
2020/09/03,181963,"ENVIO TED","2.862,96D","5.778.704,65D"
2020/09/03,182344,"ENVIO TED","446,40D","5.779.151,05D"
2020/09/03,182709,"ENVIO TED","3.404,00D","5.782.555,05D"
2020/09/03,183016,"ENVIO TED","1.281,16D","5.783.836,21D"
2020/09/03,183371,"ENVIO TED","114,00D","5.783.950,21D"
2020/09/03,183430,"ENVIO TED","1.286,00D","5.785.236,21D"
2020/09/03,183738,"ENVIO TED","51,00D","5.785.287,21D"
2020/09/03,183973,"ENVIO TED","1.989,00D","5.787.276,21D"
2020/09/03,184254,"ENVIO TED","3.417,00D","5.790.693,21D"
2020/09/03,184617,"ENVIO TED","14.000,00D","5.804.693,21D"
2020/09/03,184662,"ENVIO TED","5.184,00D","5.809.877,21D"
2020/09/03,185090,"ENVIO TED","39.798,52D","5.849.675,73D"
2020/09/03,185276,"ENVIO TED","778,00D","5.850.453,73D"
2020/09/03,185535,"ENVIO TED","1.712,49D","5.852.166,22D"
2020/09/03,185830,"ENVIO TED","3.496,00D","5.855.662,22D"
2020/09/03,185993,"ENVIO TED","396,00D","5.856.058,22D"
2020/09/03,186818,"ENVIO TED","240,00D","5.856.298,22D"
2020/09/03,187770,"ENVIO TED","2.849,00D","5.859.147,22D"
2020/09/03,187951,"ENVIO TED","12.560,50D","5.871.707,72D"
2020/09/03,188388,"ENVIO TED","12.560,50D","5.884.268,22D"
2020/09/03,188889,"ENVIO TED","8.317,00D","5.892.585,22D"
2020/09/03,188998,"ENVIO TED","1.600,00D","5.894.185,22D"
2020/09/03,189530,"ENVIO TED","6.655,92D","5.900.841,14D"
2020/09/03,190213,"ENVIO TED","8.961,10D","5.909.802,24D"
2020/09/03,190930,"ENVIO TED","1.650,00D","5.911.452,24D"
2020/09/03,191854,"ENVIO TED","7.756,86D","5.919.209,10D"
2020/09/03,193193,"ENVIO TED","9.975,85D","5.929.184,95D"
2020/09/03,100153,"DOC/TED ELETRONICO","10,00D","5.929.194,95D"
2020/09/03,100739,"DOC/TED ELETRONICO","10,00D","5.929.204,95D"
2020/09/03,103266,"DOC/TED ELETRONICO","10,00D","5.929.214,95D"
2020/09/03,132598,"DOC/TED ELETRONICO","10,00D","5.929.224,95D"
2020/09/03,133597,"DOC/TED ELETRONICO","10,00D","5.929.234,95D"
2020/09/03,134446,"DOC/TED ELETRONICO","10,00D","5.929.244,95D"
2020/09/03,153485,"DOC/TED ELETRONICO","10,00D","5.929.254,95D"
2020/09/03,154621,"DOC/TED ELETRONICO","10,00D","5.929.264,95D"
2020/09/03,155535,"DOC/TED ELETRONICO","10,00D","5.929.274,95D"
2020/09/03,156264,"DOC/TED ELETRONICO","10,00D","5.929.284,95D"
2020/09/03,156897,"DOC/TED ELETRONICO","10,00D","5.929.294,95D"
2020/09/03,157721,"DOC/TED ELETRONICO","10,00D","5.929.304,95D"
2020/09/03,158513,"DOC/TED ELETRONICO","10,00D","5.929.314,95D"
2020/09/03,159407,"DOC/TED ELETRONICO","10,00D","5.929.324,95D"
2020/09/03,171053,"DOC/TED ELETRONICO","10,00D","5.929.334,95D"
2020/09/03,176396,"DOC/TED ELETRONICO","10,00D","5.929.344,95D"
2020/09/03,176995,"DOC/TED ELETRONICO","10,00D","5.929.354,95D"
2020/09/03,179014,"DOC/TED ELETRONICO","10,00D","5.929.364,95D"
2020/09/03,179473,"DOC/TED ELETRONICO","10,00D","5.929.374,95D"
2020/09/03,179916,"DOC/TED ELETRONICO","10,00D","5.929.384,95D"
2020/09/03,180441,"DOC/TED ELETRONICO","10,00D","5.929.394,95D"
2020/09/03,181524,"DOC/TED ELETRONICO","10,00D","5.929.404,95D"
2020/09/03,181963,"DOC/TED ELETRONICO","10,00D","5.929.414,95D"
2020/09/03,182344,"DOC/TED ELETRONICO","10,00D","5.929.424,95D"
2020/09/03,182709,"DOC/TED ELETRONICO","10,00D","5.929.434,95D"
2020/09/03,183016,"DOC/TED ELETRONICO","10,00D","5.929.444,95D"
2020/09/03,183371,"DOC/TED ELETRONICO","10,00D","5.929.454,95D"
2020/09/03,183430,"DOC/TED ELETRONICO","10,00D","5.929.464,95D"
2020/09/03,183738,"DOC/TED ELETRONICO","10,00D","5.929.474,95D"
2020/09/03,183973,"DOC/TED ELETRONICO","10,00D","5.929.484,95D"
2020/09/03,184254,"DOC/TED ELETRONICO","10,00D","5.929.494,95D"
2020/09/03,184617,"DOC/TED ELETRONICO","10,00D","5.929.504,95D"
2020/09/03,184662,"DOC/TED ELETRONICO","10,00D","5.929.514,95D"
2020/09/03,185090,"DOC/TED ELETRONICO","10,00D","5.929.524,95D"
2020/09/03,185276,"DOC/TED ELETRONICO","10,00D","5.929.534,95D"
2020/09/03,185535,"DOC/TED ELETRONICO","10,00D","5.929.544,95D"
2020/09/03,185830,"DOC/TED ELETRONICO","10,00D","5.929.554,95D"
2020/09/03,185993,"DOC/TED ELETRONICO","10,00D","5.929.564,95D"
2020/09/03,186818,"DOC/TED ELETRONICO","10,00D","5.929.574,95D"
2020/09/03,187770,"DOC/TED ELETRONICO","10,00D","5.929.584,95D"
2020/09/03,187951,"DOC/TED ELETRONICO","10,00D","5.929.594,95D"
2020/09/03,188388,"DOC/TED ELETRONICO","10,00D","5.929.604,95D"
2020/09/03,188889,"DOC/TED ELETRONICO","10,00D","5.929.614,95D"
2020/09/03,188998,"DOC/TED ELETRONICO","10,00D","5.929.624,95D"
2020/09/03,189530,"DOC/TED ELETRONICO","10,00D","5.929.634,95D"
2020/09/03,190213,"DOC/TED ELETRONICO","10,00D","5.929.644,95D"
2020/09/03,190930,"DOC/TED ELETRONICO","10,00D","5.929.654,95D"
2020/09/03,191854,"DOC/TED ELETRONICO","10,00D","5.929.664,95D"
2020/09/03,193193,"DOC/TED ELETRONICO","10,00D","5.929.674,95D"
2020/09/03,727220,"RESG AUTOM",5929674.95,0
2020/09/08,1,"CRED TED",2208000,2208000
2020/09/08,1,"CRED TED",204243.98,2412243.98
2020/09/08,1,"CRED TED",20960.49,2433204.47
2020/09/08,122595,"ENVIO TED","139.955,20D",2293249.27
2020/09/08,185735,"ENVIO TED","350,00D",2292899.27
2020/09/08,990001,"APL AUTOM","2.292.899,27D",0
2020/09/09,0,"DP DINH AG",580,580
2020/09/09,91117,"ENVIO TEV","558,00D",22
2020/09/09,91117,"ENVIO TEV","998.467,67D","998.445,67D"
2020/09/09,91117,"ENVIO TEV","88.595,17D","1.087.040,84D"
2020/09/09,101691,"ENVIO TED","39,00D","1.087.079,84D"
2020/09/09,102896,"ENVIO TED","4.249,35D","1.091.329,19D"
2020/09/09,105009,"ENVIO TED","389,97D","1.091.719,16D"
2020/09/09,106347,"ENVIO TED","12.563,74D","1.104.282,90D"
2020/09/09,167352,"ENVIO TED","13.101,00D","1.117.383,90D"
2020/09/09,168119,"ENVIO TED","15.525,00D","1.132.908,90D"
2020/09/09,168643,"ENVIO TED","5.175,00D","1.138.083,90D"
2020/09/09,169320,"ENVIO TED","79.500,00D","1.217.583,90D"
2020/09/09,193194,"ENVIO TED","749,81D","1.218.333,71D"
2020/09/09,193925,"ENVIO TED","8.517,57D","1.226.851,28D"
2020/09/09,194500,"ENVIO TED","1.247,00D","1.228.098,28D"
2020/09/09,195486,"ENVIO TED","10.064,00D","1.238.162,28D"
2020/09/09,196143,"ENVIO TED","23.835,00D","1.261.997,28D"
2020/09/09,196582,"ENVIO TED","1.380,00D","1.263.377,28D"
2020/09/09,197114,"ENVIO TED","3.723,30D","1.267.100,58D"
2020/09/09,197599,"ENVIO TED","840,00D","1.267.940,58D"
2020/09/09,197992,"ENVIO TED","25,43D","1.267.966,01D"
2020/09/09,198585,"ENVIO TED","2.692,80D","1.270.658,81D"
2020/09/09,199190,"ENVIO TED","798,00D","1.271.456,81D"
2020/09/09,199849,"ENVIO TED","6.867,36D","1.278.324,17D"
2020/09/09,727220,"RESG AUTOM",1278324.17,0
2020/09/11,102984,"ENVIO TED","3.073,00D","3.073,00D"
2020/09/11,104009,"ENVIO TED","6.200,00D","9.273,00D"
2020/09/11,104802,"ENVIO TED","412,67D","9.685,67D"
2020/09/11,110909,"ENVIO TEV","23.674,50D","33.360,17D"
2020/09/11,110909,"ENVIO TEV","52.636,77D","85.996,94D"
2020/09/11,110909,"ENVIO TEV","148.015,10D","234.012,04D"
2020/09/11,134052,"ENVIO TED","7.190,00D","241.202,04D"
2020/09/11,135475,"ENVIO TED","225,60D","241.427,64D"
2020/09/11,138010,"ENVIO TED","175.000,00D","416.427,64D"
2020/09/11,142430,"ENVIO TED","1.157,50D","417.585,14D"
2020/09/11,142865,"ENVIO TED","3.229,47D","420.814,61D"
2020/09/11,146357,"ENVIO TED","565,60D","421.380,21D"
2020/09/11,148280,"ENVIO TED","3.300,00D","424.680,21D"
2020/09/11,148744,"ENVIO TED","2.088,00D","426.768,21D"
2020/09/11,149470,"ENVIO TED","588,00D","427.356,21D"
2020/09/11,150253,"ENVIO TED","1.820,00D","429.176,21D"
2020/09/11,151597,"ENVIO TED","476,00D","429.652,21D"
2020/09/11,152068,"ENVIO TED","12.558,00D","442.210,21D"
2020/09/11,152802,"ENVIO TED","1.110,00D","443.320,21D"
2020/09/11,153410,"ENVIO TED","5.320,00D","448.640,21D"
2020/09/11,154139,"ENVIO TED","4.050,00D","452.690,21D"
2020/09/11,155089,"ENVIO TED","20.521,38D","473.211,59D"
2020/09/11,155825,"ENVIO TED","6.000,00D","479.211,59D"
2020/09/11,158157,"ENVIO TED","1.522,63D","480.734,22D"
2020/09/11,158537,"ENVIO TED","7.328,96D","488.063,18D"
2020/09/11,158908,"ENVIO TED","2.395,44D","490.458,62D"
2020/09/11,727220,"RESG AUTOM",490458.62,0
2020/09/14,178384,"ENVIO TED","174.750,65D","174.750,65D"
2020/09/14,727220,"RESG AUTOM",174750.65,0
2020/09/15,1,"CRED TED",768,768
2020/09/15,151118,"ENVIO TEV","15.484,80D","14.716,80D"
2020/09/15,151138,"ENVIO TEV","11.294,15D","26.010,95D"
44089,151138,"ENVIO TEV","4.999,05D","31.010,00D"
44089,151138,"ENVIO TEV","586.735,40D","617.745,40D"
44089,151138,"ENVIO TEV","555,45D","618.300,85D"
44089,151138,"ENVIO TEV","925,75D","619.226,60D"
44089,151322,"ENVIO TEV","2.412,10D","621.638,70D"
44089,158937,"ENVIO TED","8.585,00D","630.223,70D"
44089,159322,"ENVIO TED","575,00D","630.798,70D"
44089,160516,"ENVIO TED","3.610,00D","634.408,70D"
44089,160914,"ENVIO TED","8.742,62D","643.151,32D"
44089,161329,"ENVIO TED","1.864,80D","645.016,12D"
44089,161701,"ENVIO TED","515,31D","645.531,43D"
44089,162250,"ENVIO TED","7.832,00D","653.363,43D"
44089,162603,"ENVIO TED","1.528,74D","654.892,17D"
44089,163152,"ENVIO TED","509,58D","655.401,75D"
44089,163535,"ENVIO TED","2.369,58D","657.771,33D"
44089,164110,"ENVIO TED","7.263,14D","665.034,47D"
44089,164928,"ENVIO TED","115,00D","665.149,47D"
44089,165345,"ENVIO TED","1.456,00D","666.605,47D"
44089,166047,"ENVIO TED","1.792,00D","668.397,47D"
44089,167013,"ENVIO TED","528,36D","668.925,83D"
44089,169771,"ENVIO TED","2.400,00D","671.325,83D"
44089,179312,"ENVIO TED","308.286,03D","979.611,86D"
44089,191522,"ENVIO TED","14.908,00D","994.519,86D"
44089,192202,"ENVIO TED","98.000,00D","1.092.519,86D"
44089,192731,"ENVIO TED","767,68D","1.093.287,54D"
44089,193282,"ENVIO TED","1.353,00D","1.094.640,54D"
44089,727220,"RESG AUTOM",1094640.54,0
44091,120599,"ENVIO TED","7.200,00D","7.200,00D"
44091,171113,"ENVIO TEV","5.939,83D","13.139,83D"
44091,171113,"ENVIO TEV","16.991,86D","30.131,69D"
44091,727220,"RESG AUTOM",30131.69,0
44092,1,"CRED TED",60000,60000
44092,1,"CRED TED",80000,140000
44092,1,"CRED TED",100000,240000
44092,1,"CRED TED",60000,300000
44092,1,"CRED TED",15000,315000
44092,990001,"APL AUTOM","315.000,00D",0
44095,131881,"ENVIO TED","1.828,00D","1.828,00D"
44095,135453,"ENVIO TED","6.108,00D","7.936,00D"
44095,136163,"ENVIO TED","593,00D","8.529,00D"
44095,136480,"ENVIO TED","1.690,00D","10.219,00D"
44095,136873,"ENVIO TED","4.214,09D","14.433,09D"
44095,137301,"ENVIO TED","1.003,00D","15.436,09D"
44095,137722,"ENVIO TED","2.011,87D","17.447,96D"
44095,139862,"ENVIO TED","204.100,00D","221.547,96D"
44095,140366,"ENVIO TED","3.309,90D","224.857,86D"
44095,142881,"ENVIO TED","2.919,28D","227.777,14D"
44095,143324,"ENVIO TED","2.919,28D","230.696,42D"
44095,145465,"ENVIO TED","2.369,58D","233.066,00D"
44095,145988,"ENVIO TED","509,58D","233.575,58D"
44095,146314,"ENVIO TED","1.528,74D","235.104,32D"
44095,146935,"ENVIO TED","52.397,52D","287.501,84D"
44095,147325,"ENVIO TED","798,00D","288.299,84D"
44095,147776,"ENVIO TED","4.522,00D","292.821,84D"
44095,148297,"ENVIO TED","25,00D","292.846,84D"
44095,149928,"ENVIO TED","603,35D","293.450,19D"
44095,155441,"ENVIO TED","74.323,07D","367.773,26D"
44095,195107,"ENVIO TED","1.856,00D","369.629,26D"
44095,196017,"ENVIO TED","5.400,00D","375.029,26D"
44095,196823,"ENVIO TED","11.500,00D","386.529,26D"
44095,210928,"ENVIO TEV","5.568,00D","392.097,26D"
44095,727220,"RESG AUTOM",392097.26,0
44097,138480,"DEVOL TED",260,260
44097,546570,"PG LUZ/GAS","685,96D","425,96D"
44097,546582,"PG LUZ/GAS","996,49D","1.422,45D"
44097,138480,"ENVIO TED","260,00D","1.682,45D"
44097,140199,"ENVIO TED","1.546,00D","3.228,45D"
44097,140803,"ENVIO TED","699,94D","3.928,39D"
44097,141054,"ENVIO TED","153,74D","4.082,13D"
44097,141378,"ENVIO TED","832,74D","4.914,87D"
44097,141727,"ENVIO TED","86,19D","5.001,06D"
44097,142042,"ENVIO TED","1.188,17D","6.189,23D"
44097,142380,"ENVIO TED","4.813,77D","11.003,00D"
44097,142965,"ENVIO TED","7.177,44D","18.180,44D"
44097,154877,"ENVIO TED","15.729,00D","33.909,44D"
44097,179376,"ENVIO TED","217.601,45D","251.510,89D"
44097,180287,"ENVIO TED","217.601,47D","469.112,36D"
44097,230947,"ENVIO TEV","628,00D","469.740,36D"
44097,727220,"RESG AUTOM",469740.36,0
44099,1,"CRED TED",302180,302180
44099,1,"CRED TED",55200,357380
44099,1,"CRED TED",815,358195
44099,1,"CRED TED",630000,988195
44099,1,"CRED TED",1784,989979
44099,1,"CRED TED",1784,991763
44099,178217,"PAG BOLETO","16.240,00D",975523
44099,178244,"PAG BOLETO","25.760,00D",949763
44099,178277,"PAG BOLETO","159.000,00D",790763
44099,121407,"ENVIO TED","260,00D",790503
44099,122455,"ENVIO TED","156.490,43D",634012.57
44099,137689,"ENVIO TED","14.966,54D",619046.03
44099,144628,"ENVIO TED","379.116,18D",239929.85
44099,145251,"ENVIO TED","16.206,41D",223723.44
44099,146759,"ENVIO TED","12.000,00D",211723.44
44099,147352,"ENVIO TED","5.029,88D",206693.56
44099,148170,"ENVIO TED","180.009,38D",26684.18
44099,148887,"ENVIO TED","30.547,75D","3.863,57D"
44099,149688,"ENVIO TED","59.947,92D","63.811,49D"
44099,151062,"ENVIO TED","15.791,39D","79.602,88D"
44099,152073,"ENVIO TED","12.494,05D","92.096,93D"
44099,153013,"ENVIO TED","17.002,51D","109.099,44D"
44099,157042,"ENVIO TED","7.979,68D","117.079,12D"
44099,158180,"ENVIO TED","21.390,00D","138.469,12D"
44099,158887,"ENVIO TED","520,00D","138.989,12D"
44099,163476,"ENVIO TED","2.054,00D","141.043,12D"
44099,179821,"ENVIO TED","350,00D","141.393,12D"
44099,180684,"ENVIO TED","1.920,00D","143.313,12D"
44099,181314,"ENVIO TED","540,00D","143.853,12D"
44099,182355,"ENVIO TED","2.900,00D","146.753,12D"
44099,250956,"ENVIO TEV","82.260,00D","229.013,12D"
44099,250956,"ENVIO TEV","9.438,81D","238.451,93D"
44099,727220,"RESG AUTOM",238451.93,0
44102,1,"CRED TED",114988.95,114988.95
44102,990001,"APL AUTOM","114.988,95D",0
44103,130217,"ENVIO TED","397.910,74D","397.910,74D"
44103,145384,"ENVIO TED","3.615,62D","401.526,36D"
44103,146045,"ENVIO TED","1.807,81D","403.334,17D"
44103,146474,"ENVIO TED","500,00D","403.834,17D"
44103,146853,"ENVIO TED","900,00D","404.734,17D"
44103,147245,"ENVIO TED","326,40D","405.060,57D"
44103,147596,"ENVIO TED","74.121,25D","479.181,82D"
44103,148024,"ENVIO TED","5.276,73D","484.458,55D"
44103,148464,"ENVIO TED","18.329,85D","502.788,40D"
44103,148855,"ENVIO TED","374,55D","503.162,95D"
44103,149353,"ENVIO TED","249,70D","503.412,65D"
44103,149734,"ENVIO TED","6.153,86D","509.566,51D"
44103,150088,"ENVIO TED","330,00D","509.896,51D"
44103,150537,"ENVIO TED","7.021,85D","516.918,36D"
44103,150989,"ENVIO TED","400,00D","517.318,36D"
44103,151338,"ENVIO TED","200,00D","517.518,36D"
44103,151704,"ENVIO TED","3.019,80D","520.538,16D"
44103,152272,"ENVIO TED","3.019,80D","523.557,96D"
44103,153168,"ENVIO TED","3.019,80D","526.577,76D"
44103,153646,"ENVIO TED","3.019,80D","529.597,56D"
44103,154068,"ENVIO TED","922,11D","530.519,67D"
44103,154949,"ENVIO TED","3.420,00D","533.939,67D"
44103,155460,"ENVIO TED","1.940,00D","535.879,67D"
44103,155929,"ENVIO TED","42.046,17D","577.925,84D"
44103,291012,"ENVIO TEV","3.019,80D","580.945,64D"
44103,291012,"ENVIO TEV","702,00D","581.647,64D"
44103,727220,"RESG AUTOM",581647.64,0
44104,1,"CRED TED",68445.8,68445.8
44104,1,"CRED TED",29120,97565.8
44104,990001,"APL AUTOM","97.565,80D",0
44104,-,"SALDO FINAL",-,0
"                         Caixa Econômica Federal",,,,
"                              GovConta Caixa",,,,
"                     Extrato das Contas Individuais",,,,
,,,,
"Conta de Referência..: 0316/006/00624053-1 FUNDO MUNICIPAL DE SAUDE        ",,,,
"Data de Solicitação..: 11/05/2021 04:38:01 PM",,,,
"Data de Referência...: 01/10/2020 - 31/10/2020",,,,
,,,,
"Data Mov",Nr.Doc,Histórico,"Valor (R$)","Saldo (R$)"
2020/10/01,-,"SALDO ANTERIOR",-,0
2020/10/01,1,"CRED TED",1285938.24,1285938.24
2020/10/01,265061,"PAG BOLETO","1.200,00D",1284738.24
2020/10/01,265098,"PAG BOLETO","14.640,00D",1270098.24
2020/10/01,11036,"ENVIO TEV","4.624,34D",1265473.9
2020/10/01,11036,"ENVIO TEV","665,98D",1264807.92
2020/10/01,11036,"ENVIO TEV","1.751,80D",1263056.12
2020/10/01,11252,"ENVIO TEV","204.225,72D",1058830.4
2020/10/01,136968,"ENVIO TED","101.800,00D",957030.4
2020/10/01,148642,"ENVIO TED","11.736,39D",945294.01
2020/10/01,149528,"ENVIO TED","39.672,52D",905621.49
2020/10/01,150286,"ENVIO TED","139.878,49D",765743
2020/10/01,151103,"ENVIO TED","36.846,57D",728896.43
2020/10/01,169571,"ENVIO TED","16.308,38D",712588.05
2020/10/01,171934,"ENVIO TED","71.278,09D",641309.96
2020/10/01,175655,"ENVIO TED","4.447,55D",636862.41
2020/10/01,176484,"ENVIO TED","12.974,42D",623887.99
2020/10/01,177162,"ENVIO TED","14.825,54D",609062.45
2020/10/01,177859,"ENVIO TED","3.275,08D",605787.37
2020/10/01,178347,"ENVIO TED","5,20D",605782.17
2020/10/01,178856,"ENVIO TED","240,15D",605542.02
2020/10/01,179542,"ENVIO TED","444,60D",605097.42
2020/10/01,181165,"ENVIO TED","3.890,00D",601207.42
2020/10/01,181842,"ENVIO TED","287,24D",600920.18
2020/10/01,183203,"ENVIO TED","287,22D",600632.96
2020/10/01,186505,"ENVIO TED","4.620,00D",596012.96
2020/10/01,990001,"APL AUTOM","596.012,96D",0
2020/10/02,1,"CRED TED",8530318.9,8530318.9
2020/10/02,1,"CRED TED",27930,8558248.9
2020/10/02,1,"CRED TED",197400,8755648.9
2020/10/02,1,"CRED TED",3000,8758648.9
2020/10/02,1,"CRED TED",204243.98,8962892.88
2020/10/02,1,"CRED TED",18700,8981592.88
2020/10/02,1,"CRED TED",146475,9128067.88
2020/10/02,1,"CRED TED",1470,9129537.88
2020/10/02,1,"CRED TED",28944.09,9158481.97
2020/10/02,1,"CRED TED",350133.33,9508615.3
2020/10/02,144077,"ENVIO TED","61.920,00D",9446695.3
2020/10/02,990001,"APL AUTOM","9.446.695,30D",0
2020/10/05,1,"CRED TED",600000,600000
2020/10/05,179405,"DEVOL TED",162801.54,762801.54
2020/10/05,384421,"PAG BOLETO","220,00D",762581.54
2020/10/05,51003,"ENVIO TEV","150.000,00D",612581.54
2020/10/05,51003,"ENVIO TEV","2.213.990,00D","1.601.408,46D"
2020/10/05,51003,"ENVIO TEV","198.681,00D","1.800.089,46D"
2020/10/05,51003,"ENVIO TEV","2.208.000,00D","4.008.089,46D"
2020/10/05,51003,"ENVIO TEV","2.208.000,00D","6.216.089,46D"
2020/10/05,113857,"ENVIO TED","500.000,00D","6.716.089,46D"
2020/10/05,114580,"ENVIO TED","248.937,60D","6.965.027,06D"
2020/10/05,177817,"ENVIO TED","139.956,21D","7.104.983,27D"
2020/10/05,179405,"ENVIO TED","162.801,54D","7.267.784,81D"
2020/10/05,180435,"ENVIO TED","486.890,77D","7.754.675,58D"
2020/10/05,182133,"ENVIO TED","486.890,77D","8.241.566,35D"
2020/10/05,182890,"ENVIO TED","23.320,00D","8.264.886,35D"
2020/10/05,184250,"ENVIO TED","7.104,00D","8.271.990,35D"
2020/10/05,187236,"ENVIO TED","7.440,00D","8.279.430,35D"
2020/10/05,188919,"ENVIO TED","1.400,00D","8.280.830,35D"
2020/10/05,189734,"ENVIO TED","2.052,70D","8.282.883,05D"
2020/10/05,190823,"ENVIO TED","749,81D","8.283.632,86D"
2020/10/05,727220,"RESG AUTOM",8283632.86,0
2020/10/06,1,"CRED TED",20948.1,20948.1
2020/10/06,1,"CRED TED",207735.33,228683.43
2020/10/06,1,"CRED TED",20948.1,249631.53
2020/10/06,1,"CRED TED",20948.1,270579.63
2020/10/06,1,"CRED TED",20948.1,291527.73
2020/10/06,60929,"ENVIO TEV","998.467,67D","706.939,94D"
2020/10/06,60929,"ENVIO TEV","88.595,17D","795.535,11D"
2020/10/06,61223,"ENVIO TEV","303.172,13D","1.098.707,24D"
2020/10/06,61223,"ENVIO TEV","303.172,13D","1.401.879,37D"
2020/10/06,155983,"ENVIO TED","12.654,67D","1.414.534,04D"
2020/10/06,727220,"RESG AUTOM",1414534.04,0
2020/10/07,182096,"DEVOL TED",1872,1872
2020/10/07,137128,"ENVIO TED","1.378,45D",493.55
2020/10/07,137557,"ENVIO TED","36,00D",457.55
2020/10/07,138034,"ENVIO TED","12.560,50D","12.102,95D"
2020/10/07,138374,"ENVIO TED","12.560,50D","24.663,45D"
2020/10/07,138808,"ENVIO TED","5.132,36D","29.795,81D"
2020/10/07,139288,"ENVIO TED","9.975,85D","39.771,66D"
2020/10/07,139812,"ENVIO TED","7.756,86D","47.528,52D"
2020/10/07,140299,"ENVIO TED","1.650,00D","49.178,52D"
2020/10/07,140936,"ENVIO TED","8.961,10D","58.139,62D"
2020/10/07,141450,"ENVIO TED","6.655,92D","64.795,54D"
2020/10/07,141900,"ENVIO TED","8.317,00D","73.112,54D"
2020/10/07,142649,"ENVIO TED","155.225,40D","228.337,94D"
2020/10/07,145081,"ENVIO TED","109,00D","228.446,94D"
2020/10/07,146812,"ENVIO TED","15.819,98D","244.266,92D"
2020/10/07,148987,"ENVIO TED","390,00D","244.656,92D"
2020/10/07,149490,"ENVIO TED","3.168,57D","247.825,49D"
2020/10/07,182096,"ENVIO TED","1.872,00D","249.697,49D"
2020/10/07,186169,"ENVIO TED","1.019,96D","250.717,45D"
2020/10/07,187475,"ENVIO TED","110.670,00D","361.387,45D"
2020/10/07,727220,"RESG AUTOM",361387.45,0
2020/10/08,1,"CRED TED",9800,9800
2020/10/08,1,"CRED TED",19624,29424
2020/10/08,1,"CRED TED",7500,36924
2020/10/08,1,"CRED TED",15000,51924
2020/10/08,1,"CRED TED",20960.49,72884.49
2020/10/08,1,"CRED TED",26575.38,99459.87
2020/10/08,80845,"ENVIO TEV","500.000,00D","400.540,13D"
2020/10/08,81454,"ENVIO TEV","148.015,10D","548.555,23D"
2020/10/08,81454,"ENVIO TEV","23.674,50D","572.229,73D"
2020/10/08,130613,"ENVIO TED","7.263,14D","579.492,87D"
2020/10/08,130984,"ENVIO TED","630,00D","580.122,87D"
2020/10/08,727220,"RESG AUTOM",580122.87,0
2020/10/09,1,"CRED TED",32683,32683
2020/10/09,1,"CRED TED",19900,52583
2020/10/09,990001,"APL AUTOM","52.583,00D",0
2020/10/13,120015,"ENVIO TED","13.300,00D","13.300,00D"
2020/10/13,121290,"ENVIO TED","1.035,80D","14.335,80D"
2020/10/13,131253,"ENVIO TEV","52.636,77D","66.972,57D"
2020/10/13,135457,"ENVIO TED","175.000,00D","241.972,57D"
2020/10/13,140817,"ENVIO TED","4.950,00D","246.922,57D"
2020/10/13,141474,"ENVIO TED","95,00D","247.017,57D"
2020/10/13,145700,"ENVIO TED","3.999,60D","251.017,17D"
2020/10/13,146705,"ENVIO TED","7.564,04D","258.581,21D"
2020/10/13,147510,"ENVIO TED","3.432,00D","262.013,21D"
2020/10/13,149286,"ENVIO TED","300,86D","262.314,07D"
2020/10/13,182717,"ENVIO TED","2.500,00D","264.814,07D"
2020/10/13,184048,"ENVIO TED","2.100,00D","266.914,07D"
2020/10/13,184639,"ENVIO TED","4.633,44D","271.547,51D"
2020/10/13,727220,"RESG AUTOM",271547.51,0
2020/10/14,135515,"ENVIO TED","445.301,68D","445.301,68D"
2020/10/14,727220,"RESG AUTOM",445301.68,0
2020/10/15,1,"CRED TED",70703.78,70703.78
2020/10/15,102326,"ENVIO TED","1.725,00D",68978.78
2020/10/15,103304,"ENVIO TED","26.362,00D",42616.78
2020/10/15,104396,"ENVIO TED","12.150,00D",30466.78
2020/10/15,151017,"ENVIO TEV","586.735,40D","556.268,62D"
2020/10/15,151017,"ENVIO TEV","35.200,00D","591.468,62D"
2020/10/15,151017,"ENVIO TEV","555,45D","592.024,07D"
2020/10/15,151017,"ENVIO TEV","925,75D","592.949,82D"
2020/10/15,151017,"ENVIO TEV","2.442,10D","595.391,92D"
2020/10/15,151017,"ENVIO TEV","11.294,15D","606.686,07D"
2020/10/15,151017,"ENVIO TEV","4.999,05D","611.685,12D"
2020/10/15,151017,"ENVIO TEV","35.200,00D","646.885,12D"
2020/10/15,151116,"ENVIO TEV","716,60D","647.601,72D"
2020/10/15,151116,"ENVIO TEV","11.293,10D","658.894,82D"
2020/10/15,168812,"ENVIO TED","52.397,52D","711.292,34D"
2020/10/15,169557,"ENVIO TED","190,88D","711.483,22D"
2020/10/15,169983,"ENVIO TED","80,00D","711.563,22D"
2020/10/15,170380,"ENVIO TED","976,92D","712.540,14D"
2020/10/15,170921,"ENVIO TED","1.920,00D","714.460,14D"
2020/10/15,171413,"ENVIO TED","866,51D","715.326,65D"
2020/10/15,171912,"ENVIO TED","644,75D","715.971,40D"
2020/10/15,173975,"ENVIO TED","62,45D","716.033,85D"
2020/10/15,174510,"ENVIO TED","261,09D","716.294,94D"
2020/10/15,175004,"ENVIO TED","75,00D","716.369,94D"
2020/10/15,175334,"ENVIO TED","150,00D","716.519,94D"
2020/10/15,175852,"ENVIO TED","2.127,50D","718.647,44D"
2020/10/15,176242,"ENVIO TED","112,50D","718.759,94D"
2020/10/15,176667,"ENVIO TED","560,00D","719.319,94D"
2020/10/15,185070,"ENVIO TED","320.670,03D","1.039.989,97D"
2020/10/15,727220,"RESG AUTOM",1039989.97,0
2020/10/16,1,"CRED TED",522449.02,522449.02
2020/10/16,1,"CRED TED",576,523025.02
2020/10/16,990001,"APL AUTOM","523.025,02D",0
2020/10/19,101569,"ENVIO TED","1.872,00D","1.872,00D"
2020/10/19,157993,"ENVIO TED","19.200,00D","21.072,00D"
2020/10/19,158435,"ENVIO TED","387,00D","21.459,00D"
2020/10/19,158891,"ENVIO TED","2.121,60D","23.580,60D"
2020/10/19,159423,"ENVIO TED","29.368,70D","52.949,30D"
2020/10/19,190959,"ENVIO TEV","652,00D","53.601,30D"
2020/10/19,727220,"RESG AUTOM",53601.3,0
2020/10/20,1,"CRED TED",104020.25,104020.25
2020/10/20,122847,"ENVIO TED","5.838,56D",98181.69
2020/10/20,123269,"ENVIO TED","721,96D",97459.73
2020/10/20,990001,"APL AUTOM","97.459,73D",0
2020/10/21,62080,"PAG BOLETO","275,10D","275,10D"
2020/10/21,124021,"ENVIO TED","12.657,97D","12.933,07D"
2020/10/21,124313,"ENVIO TED","4.050,88D","16.983,95D"
2020/10/21,124898,"ENVIO TED","7.177,44D","24.161,39D"
2020/10/21,125396,"ENVIO TED","19.695,00D","43.856,39D"
2020/10/21,727220,"RESG AUTOM",43856.39,0
2020/10/22,118093,"ENVIO TED","1.243,20D","1.243,20D"
2020/10/22,727220,"RESG AUTOM",1243.2,0
2020/10/23,906404,"PG LUZ/GAS","1.021,19D","1.021,19D"
2020/10/23,906409,"PG LUZ/GAS","987,31D","2.008,50D"
2020/10/23,128742,"ENVIO TED","78.400,00D","80.408,50D"
2020/10/23,129582,"ENVIO TED","78.524,68D","158.933,18D"
2020/10/23,131572,"ENVIO TED","162.801,54D","321.734,72D"
2020/10/23,134323,"ENVIO TED","88,00D","321.822,72D"
2020/10/23,134679,"ENVIO TED","88,00D","321.910,72D"
2020/10/23,135096,"ENVIO TED","131,00D","322.041,72D"
2020/10/23,135707,"ENVIO TED","219,79D","322.261,51D"
2020/10/23,136062,"ENVIO TED","2.011,87D","324.273,38D"
2020/10/23,137377,"ENVIO TED","5,29D","324.278,67D"
2020/10/23,137825,"ENVIO TED","4.214,09D","328.492,76D"
2020/10/23,138447,"ENVIO TED","240,18D","328.732,94D"
2020/10/23,138870,"ENVIO TED","439,55D","329.172,49D"
2020/10/23,193726,"ENVIO TED","54,18D","329.226,67D"
2020/10/23,194590,"ENVIO TED","2.024,00D","331.250,67D"
2020/10/23,230929,"ENVIO TEV","1.104.000,00D","1.435.250,67D"
2020/10/23,230929,"ENVIO TEV","684,00D","1.435.934,67D"
2020/10/23,727220,"RESG AUTOM",1435934.67,0
2020/10/26,970359,"PAG FONE","675,79D","675,79D"
2020/10/26,970360,"PAG FONE","715,78D","1.391,57D"
2020/10/26,101153,"ENVIO TED","458,64D","1.850,21D"
2020/10/26,102294,"ENVIO TED","1.444,84D","3.295,05D"
2020/10/26,103318,"ENVIO TED","607,92D","3.902,97D"
2020/10/26,106446,"ENVIO TED","1.640,00D","5.542,97D"
2020/10/26,108129,"ENVIO TED","2.340,00D","7.882,97D"
2020/10/26,261410,"ENVIO TEV","191,60D","8.074,57D"
2020/10/26,727220,"RESG AUTOM",8074.57,0
2020/10/27,114366,"ENVIO TED","10.028,06D","10.028,06D"
2020/10/27,114549,"ENVIO TED","15.419,37D","25.447,43D"
2020/10/27,114855,"ENVIO TED","407.323,37D","432.770,80D"
2020/10/27,270801,"ENVIO TEV","9.477,94D","442.248,74D"
2020/10/27,271112,"ENVIO TEV","78.240,00D","520.488,74D"
2020/10/27,271112,"ENVIO TEV","85.149,00D","605.637,74D"
2020/10/27,727220,"RESG AUTOM",605637.74,0
2020/10/28,112396,"ENVIO TED","1.680,00D","1.680,00D"
2020/10/28,127553,"ENVIO TED","123.251,63D","124.931,63D"
2020/10/28,127957,"ENVIO TED","9.900,00D","134.831,63D"
2020/10/28,128356,"ENVIO TED","4.064,70D","138.896,33D"
2020/10/28,139767,"ENVIO TED","15.791,39D","154.687,72D"
2020/10/28,193666,"ENVIO TED","500.000,00D","654.687,72D"
2020/10/28,194407,"ENVIO TED","400.000,00D","1.054.687,72D"
2020/10/28,194877,"ENVIO TED","133.483,84D","1.188.171,56D"
2020/10/28,727220,"RESG AUTOM",1188171.56,0
2020/10/29,132574,"ENVIO TED","3.019,80D","3.019,80D"
2020/10/29,132979,"ENVIO TED","3.019,80D","6.039,60D"
2020/10/29,133451,"ENVIO TED","3.019,80D","9.059,40D"
2020/10/29,133774,"ENVIO TED","3.019,80D","12.079,20D"
2020/10/29,134585,"ENVIO TED","5.029,88D","17.109,08D"
2020/10/29,135259,"ENVIO TED","17.002,51D","34.111,59D"
2020/10/29,136099,"ENVIO TED","59.947,92D","94.059,51D"
2020/10/29,136642,"ENVIO TED","5.423,43D","99.482,94D"
2020/10/29,138005,"ENVIO TED","30.547,75D","130.030,69D"
2020/10/29,148335,"ENVIO TED","420,00D","130.450,69D"
2020/10/29,149535,"ENVIO TED","1.021,20D","131.471,89D"
2020/10/29,149948,"ENVIO TED","645,00D","132.116,89D"
2020/10/29,152960,"ENVIO TED","374,55D","132.491,44D"
2020/10/29,153265,"ENVIO TED","249,70D","132.741,14D"
2020/10/29,153665,"ENVIO TED","6.153,86D","138.895,00D"
2020/10/29,154941,"ENVIO TED","7.021,85D","145.916,85D"
2020/10/29,155518,"ENVIO TED","330,00D","146.246,85D"
2020/10/29,155933,"ENVIO TED","1.181,00D","147.427,85D"
2020/10/29,156303,"ENVIO TED","390,07D","147.817,92D"
2020/10/29,156620,"ENVIO TED","512,36D","148.330,28D"
2020/10/29,157011,"ENVIO TED","457,85D","148.788,13D"
2020/10/29,157332,"ENVIO TED","21.438,00D","170.226,13D"
2020/10/29,157787,"ENVIO TED","1.739,30D","171.965,43D"
2020/10/29,158649,"ENVIO TED","185,00D","172.150,43D"
2020/10/29,160766,"ENVIO TED","37,80D","172.188,23D"
2020/10/29,165457,"ENVIO TED","9.103,50D","181.291,73D"
2020/10/29,167432,"ENVIO TED","1.437,00D","182.728,73D"
2020/10/29,167827,"ENVIO TED","500,00D","183.228,73D"
2020/10/29,168923,"ENVIO TED","1.400,00D","184.628,73D"
2020/10/29,291037,"ENVIO TEV","18.329,85D","202.958,58D"
2020/10/29,291037,"ENVIO TEV","3.019,80D","205.978,38D"
2020/10/29,727220,"RESG AUTOM",205978.38,0
2020/10/31,-,"SALDO FINAL",-,0
"                         Caixa Econômica Federal",,,,
"                              GovConta Caixa",,,,
"                     Extrato das Contas Individuais",,,,
,,,,
"Conta de Referência..: 0316/006/00624053-1 FUNDO MUNICIPAL DE SAUDE        ",,,,
"Data de Solicitação..: 11/05/2021 04:56:08 PM",,,,
"Data de Referência...: 01/11/2020 - 30/11/2020",,,,
,,,,
"Data Mov",Nr.Doc,Histórico,"Valor (R$)","Saldo (R$)"
2020/11/01,-,"SALDO ANTERIOR",-,0
2020/11/03,31034,"ENVIO TEV","1.442,24D","1.442,24D"
2020/11/03,31035,"ENVIO TEV","694,12D","2.136,36D"
2020/11/03,31035,"ENVIO TEV","4.652,48D","6.788,84D"
2020/11/03,103122,"ENVIO TED","287,22D","7.076,06D"
2020/11/03,104249,"ENVIO TED","1.500,00D","8.576,06D"
2020/11/03,104863,"ENVIO TED","249,00D","8.825,06D"
2020/11/03,105906,"ENVIO TED","8.097,00D","16.922,06D"
2020/11/03,109532,"ENVIO TED","875,00D","17.797,06D"
2020/11/03,110175,"ENVIO TED","87,92D","17.884,98D"
2020/11/03,110826,"ENVIO TED","571,47D","18.456,45D"
2020/11/03,142041,"ENVIO TED","853,25D","19.309,70D"
2020/11/03,143047,"ENVIO TED","940,00D","20.249,70D"
2020/11/03,145651,"ENVIO TED","5.600,00D","25.849,70D"
2020/11/03,152411,"ENVIO TED","1.600,00D","27.449,70D"
2020/11/03,153540,"ENVIO TED","287,24D","27.736,94D"
2020/11/03,194878,"ENVIO TED","3.496,60D","31.233,54D"
2020/11/03,196827,"ENVIO TED","500.000,00D","531.233,54D"
2020/11/03,197949,"ENVIO TED","263.173,34D","794.406,88D"
2020/11/03,199087,"ENVIO TED","41.280,00D","835.686,88D"
2020/11/03,727220,"RESG AUTOM",835686.88,0
2020/11/04,1,"CRED TED",29260,29260
2020/11/04,1,"CRED TED",146475,175735
2020/11/04,1,"CRED TED",204243.98,379978.98
2020/11/04,1,"CRED TED",1540,381518.98
2020/11/04,1,"CRED TED",20948.1,402467.08
2020/11/04,1,"CRED TED",28944.09,431411.17
2020/11/04,164536,"ENVIO TED","345,80D",431065.37
2020/11/04,166045,"ENVIO TED","62,50D",431002.87
2020/11/04,185424,"ENVIO TED","840,00D",430162.87
2020/11/04,186308,"ENVIO TED","1.783,00D",428379.87
2020/11/04,187323,"ENVIO TED","568,75D",427811.12
2020/11/04,990001,"APL AUTOM","427.811,12D",0
2020/11/05,1,"CRED TED",8637882.65,8637882.65
2020/11/05,1,"CRED TED",28946.25,8666828.9
2020/11/05,1,"CRED TED",207735.33,8874564.23
2020/11/05,51234,"ENVIO TEV","2.213.990,00D",6660574.23
2020/11/05,133075,"ENVIO TED","139.878,49D",6520695.74
2020/11/05,136785,"ENVIO TED","39.672,52D",6481023.22
2020/11/05,137890,"ENVIO TED","36.846,57D",6444176.65
2020/11/05,138727,"ENVIO TED","71.278,08D",6372898.57
2020/11/05,140864,"ENVIO TED","11.736,39D",6361162.18
2020/11/05,151953,"ENVIO TED","16.336,56D",6344825.62
2020/11/05,154320,"ENVIO TED","1.449,03D",6343376.59
2020/11/05,154782,"ENVIO TED","36.392,27D",6306984.32
2020/11/05,155400,"ENVIO TED","2.425,00D",6304559.32
2020/11/05,156203,"ENVIO TED","2.955,56D",6301603.76
2020/11/05,156973,"ENVIO TED","2.506,68D",6299097.08
2020/11/05,158318,"ENVIO TED","42.355,00D",6256742.08
2020/11/05,158784,"ENVIO TED","4.329,90D",6252412.18
2020/11/05,159975,"ENVIO TED","15.840,77D",6236571.41
2020/11/05,162250,"ENVIO TED","8.301,05D",6228270.36
2020/11/05,163109,"ENVIO TED","14.208,00D",6214062.36
2020/11/05,165049,"ENVIO TED","605,00D",6213457.36
2020/11/05,193690,"ENVIO TED","5.340,00D",6208117.36
2020/11/05,194322,"ENVIO TED","800,29D",6207317.07
2020/11/05,990001,"APL AUTOM","6.207.317,07D",0
2020/11/06,60858,"ENVIO TEV","150.000,00D","150.000,00D"
2020/11/06,60858,"ENVIO TEV","50.600,00D","200.600,00D"
2020/11/06,60858,"ENVIO TEV","1.701,00D","202.301,00D"
2020/11/06,60858,"ENVIO TEV","198.681,00D","400.982,00D"
2020/11/06,106528,"ENVIO TED","1.080,00D","402.062,00D"
2020/11/06,139729,"ENVIO TED","167.813,79D","569.875,79D"
2020/11/06,140646,"ENVIO TED","12.654,67D","582.530,46D"
2020/11/06,141252,"ENVIO TED","45,00D","582.575,46D"
2020/11/06,141732,"ENVIO TED","30,00D","582.605,46D"
2020/11/06,143163,"ENVIO TED","2.506,00D","585.111,46D"
2020/11/06,143688,"ENVIO TED","780,50D","585.891,96D"
2020/11/06,144178,"ENVIO TED","607,51D","586.499,47D"
2020/11/06,144598,"ENVIO TED","110.670,00D","697.169,47D"
2020/11/06,145500,"ENVIO TED","155.225,40D","852.394,87D"
2020/11/06,727220,"RESG AUTOM",852394.87,0
2020/11/09,91256,"ENVIO TEV","500.000,00D","500.000,00D"
2020/11/09,100466,"ENVIO TED","7.730,00D","507.730,00D"
2020/11/09,101025,"ENVIO TED","9.000,00D","516.730,00D"
2020/11/09,101839,"ENVIO TED","29.192,00D","545.922,00D"
2020/11/09,155719,"ENVIO TED","9.200,00D","555.122,00D"
2020/11/09,181746,"ENVIO TED","175.000,00D","730.122,00D"
2020/11/09,183314,"ENVIO TED","371.437,84D","1.101.559,84D"
2020/11/09,184277,"ENVIO TED","139.955,22D","1.241.515,06D"
2020/11/09,185745,"ENVIO TED","1.497,00D","1.243.012,06D"
2020/11/09,187579,"ENVIO TED","3.168,57D","1.246.180,63D"
2020/11/09,188072,"ENVIO TED","749,81D","1.246.930,44D"
2020/11/09,188610,"ENVIO TED","7.263,14D","1.254.193,58D"
2020/11/09,189284,"ENVIO TED","5.132,36D","1.259.325,94D"
2020/11/09,190060,"ENVIO TED","9.975,85D","1.269.301,79D"
2020/11/09,191091,"ENVIO TED","7.756,86D","1.277.058,65D"
2020/11/09,191918,"ENVIO TED","1.650,00D","1.278.708,65D"
2020/11/09,194051,"ENVIO TED","8.961,10D","1.287.669,75D"
2020/11/09,194927,"ENVIO TED","6.655,92D","1.294.325,67D"
2020/11/09,196852,"ENVIO TED","8.317,00D","1.302.642,67D"
2020/11/09,197437,"ENVIO TED","12.560,50D","1.315.203,17D"
2020/11/09,198303,"ENVIO TED","12.560,50D","1.327.763,67D"
2020/11/09,198892,"ENVIO TED","696,70D","1.328.460,37D"
2020/11/09,199837,"ENVIO TED","760,00D","1.329.220,37D"
2020/11/09,727220,"RESG AUTOM",1329220.37,0
2020/11/10,101015,"ENVIO TEV","1.087.062,84D","1.087.062,84D"
2020/11/10,101221,"ENVIO TEV","220.534,10D","1.307.596,94D"
2020/11/10,141052,"ENVIO TED","3.000,00D","1.310.596,94D"
2020/11/10,181379,"ENVIO TED","8.275,44D","1.318.872,38D"
2020/11/10,193297,"ENVIO TED","1.260,00D","1.320.132,38D"
2020/11/10,194236,"ENVIO TED","87,93D","1.320.220,31D"
2020/11/10,194885,"ENVIO TED","8.439,48D","1.328.659,79D"
2020/11/10,196122,"ENVIO TED","5.029,20D","1.333.688,99D"
2020/11/10,727220,"RESG AUTOM",1333688.99,0
2020/11/11,1,"CRED TED",906249.01,906249.01
2020/11/11,1,"CRED TED",207200,1113449.01
2020/11/11,1,"CRED TED",7500,1120949.01
2020/11/11,1,"CRED TED",22100,1143049.01
2020/11/11,1,"CRED TED",19900,1162949.01
2020/11/11,1,"CRED TED",3000,1165949.01
2020/11/11,1,"CRED TED",129021,1294970.01
2020/11/11,127084,"ENVIO TED","1.690,47D",1293279.54
2020/11/11,127664,"ENVIO TED","124.400,00D",1168879.54
2020/11/11,128160,"ENVIO TED","2.197,40D",1166682.14
2020/11/11,128501,"ENVIO TED","97,00D",1166585.14
2020/11/11,128821,"ENVIO TED","1.610,50D",1164974.64
2020/11/11,129191,"ENVIO TED","172,50D",1164802.14
2020/11/11,990001,"APL AUTOM","1.164.802,14D",0
2020/11/12,124145,"ENVIO TED","1.628,00D","1.628,00D"
2020/11/12,124500,"ENVIO TED","31,20D","1.659,20D"
2020/11/12,124778,"ENVIO TED","6.489,80D","8.149,00D"
2020/11/12,125067,"ENVIO TED","966,00D","9.115,00D"
2020/11/12,125404,"ENVIO TED","15.096,00D","24.211,00D"
2020/11/12,125669,"ENVIO TED","45.288,00D","69.499,00D"
2020/11/12,180209,"ENVIO TED","454.432,11D","523.931,11D"
2020/11/12,727220,"RESG AUTOM",523931.11,0
2020/11/13,130918,"ENVIO TEV","23.674,50D","23.674,50D"
2020/11/13,130918,"ENVIO TEV","148.015,10D","171.689,60D"
2020/11/13,130918,"ENVIO TEV","52.636,77D","224.326,37D"
2020/11/13,134958,"ENVIO TED","327.074,29D","551.400,66D"
2020/11/13,138398,"ENVIO TED","933,00D","552.333,66D"
2020/11/13,141156,"ENVIO TED","656,00D","552.989,66D"
2020/11/13,142128,"ENVIO TED","1.100,78D","554.090,44D"
2020/11/13,142489,"ENVIO TED","998,00D","555.088,44D"
2020/11/13,143173,"ENVIO TED","6.080,00D","561.168,44D"
2020/11/13,143596,"ENVIO TED","699,60D","561.868,04D"
2020/11/13,143929,"ENVIO TED","1.450,00D","563.318,04D"
2020/11/13,144313,"ENVIO TED","6.366,00D","569.684,04D"
2020/11/13,159240,"ENVIO TED","387,00D","570.071,04D"
2020/11/13,161952,"ENVIO TED","1.255,00D","571.326,04D"
2020/11/13,162942,"ENVIO TED","2.942,50D","574.268,54D"
2020/11/13,727220,"RESG AUTOM",574268.54,0
2020/11/16,1,"CRED TED",29260,29260
2020/11/16,1,"CRED TED",1540,30800
2020/11/16,1,"CRED TED",70703.78,101503.78
2020/11/16,129663,"ENVIO TED","760,00D",100743.78
2020/11/16,130543,"ENVIO TED","2.688,00D",98055.78
2020/11/16,130933,"ENVIO TED","3.062,20D",94993.58
2020/11/16,131402,"ENVIO TED","1.569,00D",93424.58
2020/11/16,131807,"ENVIO TED","7.272,00D",86152.58
2020/11/16,133381,"ENVIO TED","3.640,00D",82512.58
2020/11/16,134357,"ENVIO TED","8.245,24D",74267.34
2020/11/16,136870,"ENVIO TED","119.064,00D","44.796,66D"
2020/11/16,160905,"ENVIO TEV","4.999,05D","49.795,71D"
2020/11/16,160905,"ENVIO TEV","925,75D","50.721,46D"
2020/11/16,160905,"ENVIO TEV","586.735,40D","637.456,86D"
2020/11/16,160905,"ENVIO TEV","555,45D","638.012,31D"
2020/11/16,160905,"ENVIO TEV","11.294,15D","649.306,46D"
2020/11/16,160905,"ENVIO TEV","3.205,50D","652.511,96D"
2020/11/16,188589,"ENVIO TED","430,00D","652.941,96D"
2020/11/16,727220,"RESG AUTOM",652941.96,0
2020/11/17,1,"CRED TED",15000,15000
2020/11/17,1,"CRED TED",19624,34624
2020/11/17,1,"CRED TED",20960.49,55584.49
2020/11/17,990001,"APL AUTOM","55.584,49D",0
2020/11/18,1,"CRED TED",432,432
2020/11/18,1,"CRED TED",4280,4712
2020/11/18,330906,"PG LUZ/GAS","1.259,31D",3452.69
2020/11/18,330910,"PG LUZ/GAS","733,68D",2719.01
2020/11/18,330933,"PG LUZ/GAS","1.374,79D",1344.22
2020/11/18,113899,"ENVIO TED","152,83D",1191.39
2020/11/18,114057,"ENVIO TED","792,00D",399.39
2020/11/18,114231,"ENVIO TED","728,19D","328,80D"
2020/11/18,114465,"ENVIO TED","3.238,72D","3.567,52D"
2020/11/18,114684,"ENVIO TED","15.366,85D","18.934,37D"
2020/11/18,114900,"ENVIO TED","520,00D","19.454,37D"
2020/11/18,115100,"ENVIO TED","520,00D","19.974,37D"
2020/11/18,115543,"ENVIO TED","309,17D","20.283,54D"
2020/11/18,115713,"ENVIO TED","803,27D","21.086,81D"
2020/11/18,116180,"ENVIO TED","1.368,75D","22.455,56D"
2020/11/18,116458,"ENVIO TED","2.369,58D","24.825,14D"
2020/11/18,116675,"ENVIO TED","1.838,74D","26.663,88D"
2020/11/18,116946,"ENVIO TED","509,58D","27.173,46D"
2020/11/18,117181,"ENVIO TED","7.021,85D","34.195,31D"
2020/11/18,117439,"ENVIO TED","791,54D","34.986,85D"
2020/11/18,117664,"ENVIO TED","4.393,07D","39.379,92D"
2020/11/18,118246,"ENVIO TED","463,00D","39.842,92D"
2020/11/18,118467,"ENVIO TED","330,00D","40.172,92D"
2020/11/18,119814,"ENVIO TED","2.532,00D","42.704,92D"
2020/11/18,121597,"ENVIO TED","23.760,00D","66.464,92D"
2020/11/18,122973,"ENVIO TED","4.500,00D","70.964,92D"
2020/11/18,123398,"ENVIO TED","3.960,00D","74.924,92D"
2020/11/18,125063,"ENVIO TED","12.336,87D","87.261,79D"
2020/11/18,125473,"ENVIO TED","3.239,50D","90.501,29D"
2020/11/18,125706,"ENVIO TED","44.880,00D","135.381,29D"
2020/11/18,125928,"ENVIO TED","27.975,00D","163.356,29D"
2020/11/18,126423,"ENVIO TED","4.737,64D","168.093,93D"
2020/11/18,126980,"ENVIO TED","8.100,00D","176.193,93D"
2020/11/18,127226,"ENVIO TED","5.400,00D","181.593,93D"
2020/11/18,127634,"ENVIO TED","39.463,20D","221.057,13D"
2020/11/18,128123,"ENVIO TED","17.086,80D","238.143,93D"
2020/11/18,128388,"ENVIO TED","112.000,00D","350.143,93D"
2020/11/18,128663,"ENVIO TED","98.000,00D","448.143,93D"
2020/11/18,129165,"ENVIO TED","4.404,00D","452.547,93D"
2020/11/18,129655,"ENVIO TED","192,50D","452.740,43D"
2020/11/18,143850,"ENVIO TED","21.600,00D","474.340,43D"
2020/11/18,180913,"ENVIO TEV","16.991,86D","491.332,29D"
2020/11/18,180913,"ENVIO TEV","5.939,83D","497.272,12D"
2020/11/18,180913,"ENVIO TEV","5.939,83D","503.211,95D"
2020/11/18,180913,"ENVIO TEV","16.991,86D","520.203,81D"
2020/11/18,727220,"RESG AUTOM",520203.81,0
2020/11/19,191032,"CRED TEV",0.2,0.2
2020/11/19,201119,"EST DB TED",7400,7400.2
2020/11/19,391981,"PAG BOLETO","21.350,00D","13.949,80D"
2020/11/19,108377,"ENVIO TED","16.071,00D","30.020,80D"
2020/11/19,109017,"ENVIO TED","15.345,16D","45.365,96D"
2020/11/19,110154,"ENVIO TED","180,60D","45.546,56D"
2020/11/19,110581,"ENVIO TED","7.400,00D","52.946,56D"
2020/11/19,111574,"ENVIO TED","3.850,00D","56.796,56D"
2020/11/19,112051,"ENVIO TED","7.400,00D","64.196,56D"
2020/11/19,112995,"ENVIO TED","9.600,00D","73.796,56D"
2020/11/19,113419,"ENVIO TED","26.100,00D","99.896,56D"
2020/11/19,116903,"ENVIO TED","44.527,03D","144.423,59D"
2020/11/19,117215,"ENVIO TED","52.397,52D","196.821,11D"
2020/11/19,117865,"ENVIO TED","5.838,56D","202.659,67D"
2020/11/19,124021,"ENVIO TED","825,00D","203.484,67D"
2020/11/19,124768,"ENVIO TED","11.700,00D","215.184,67D"
2020/11/19,126131,"ENVIO TED","7.438,00D","222.622,67D"
2020/11/19,126543,"ENVIO TED","2.574,50D","225.197,17D"
2020/11/19,127097,"ENVIO TED","15.331,00D","240.528,17D"
2020/11/19,127408,"ENVIO TED","300,00D","240.828,17D"
2020/11/19,128861,"ENVIO TED","5.432,10D","246.260,27D"
2020/11/19,129495,"ENVIO TED","2.006,78D","248.267,05D"
2020/11/19,129560,"ENVIO TED","373.573,69D","621.840,74D"
2020/11/19,129909,"ENVIO TED","7.200,00D","629.040,74D"
2020/11/19,191343,"ENVIO TEV","1.519,20D","630.559,94D"
2020/11/19,191343,"ENVIO TEV","3.252,40D","633.812,34D"
2020/11/19,727220,"RESG AUTOM",633812.34,0
2020/11/24,1,"CRED TED",60000,60000
2020/11/24,1,"CRED TED",80000,140000
2020/11/24,1,"CRED TED",60000,200000
2020/11/24,1,"CRED TED",205437.5,405437.5
2020/11/24,1,"CRED TED",15448,420885.5
2020/11/24,1,"CRED TED",60000,480885.5
2020/11/24,1,"CRED TED",100000,580885.5
2020/11/24,1,"CRED TED",60000,640885.5
2020/11/24,1,"CRED TED",60000,700885.5
2020/11/24,114459,"ENVIO TED","1.780,00D",699105.5
2020/11/24,127383,"ENVIO TED","8.010,00D",691095.5
2020/11/24,127671,"ENVIO TED","3.850,00D",687245.5
2020/11/24,127924,"ENVIO TED","439,07D",686806.43
2020/11/24,129334,"ENVIO TED","63.421,20D",623385.23
2020/11/24,134074,"ENVIO TED","300.330,33D",323054.9
2020/11/24,138185,"ENVIO TED","890,00D",322164.9
2020/11/24,990001,"APL AUTOM","322.164,90D",0
2020/11/25,201125,"EST DB TED",3890,3890
2020/11/25,133307,"ENVIO TED","3.890,00D",0
2020/11/25,133655,"ENVIO TED","3.890,00D","3.890,00D"
2020/11/25,133921,"ENVIO TED","102.282,60D","106.172,60D"
2020/11/25,134186,"ENVIO TED","1.700,00D","107.872,60D"
2020/11/25,134902,"ENVIO TED","160.000,00D","267.872,60D"
2020/11/25,135157,"ENVIO TED","20.045,76D","287.918,36D"
2020/11/25,135391,"ENVIO TED","51.077,40D","338.995,76D"
2020/11/25,135624,"ENVIO TED","52.693,20D","391.688,96D"
2020/11/25,135908,"ENVIO TED","1.200,00D","392.888,96D"
2020/11/25,136221,"ENVIO TED","11.960,00D","404.848,96D"
2020/11/25,136454,"ENVIO TED","13.395,00D","418.243,96D"
2020/11/25,727220,"RESG AUTOM",418243.96,0
2020/11/26,122215,"ENVIO TED","187,35D","187,35D"
2020/11/26,122658,"ENVIO TED","8.900,00D","9.087,35D"
2020/11/26,123099,"ENVIO TED","254,00D","9.341,35D"
2020/11/26,123618,"ENVIO TED","33.642,00D","42.983,35D"
2020/11/26,124446,"ENVIO TED","41.958,00D","84.941,35D"
2020/11/26,130013,"ENVIO TED","10.028,06D","94.969,41D"
2020/11/26,130621,"ENVIO TED","407.322,80D","502.292,21D"
2020/11/26,131323,"ENVIO TED","59.947,92D","562.240,13D"
2020/11/26,133073,"ENVIO TED","30.547,75D","592.787,88D"
2020/11/26,133349,"ENVIO TED","15.791,39D","608.579,27D"
2020/11/26,260931,"ENVIO TEV","10.997,08D","619.576,35D"
2020/11/26,727220,"RESG AUTOM",619576.35,0
2020/11/27,154627,"DEVOL TED",451604,451604
2020/11/27,109555,"ENVIO TED","500.000,00D","48.396,00D"
2020/11/27,109673,"ENVIO TED","400.000,00D","448.396,00D"
2020/11/27,109863,"ENVIO TED","190.506,65D","638.902,65D"
2020/11/27,111707,"ENVIO TED","12.600,00D","651.502,65D"
2020/11/27,112038,"ENVIO TED","736,90D","652.239,55D"
2020/11/27,112153,"ENVIO TED","504,54D","652.744,09D"
2020/11/27,112370,"ENVIO TED","2.300,00D","655.044,09D"
2020/11/27,112620,"ENVIO TED","194.126,80D","849.170,89D"
2020/11/27,113166,"ENVIO TED","360,80D","849.531,69D"
2020/11/27,113407,"ENVIO TED","317.982,61D","1.167.514,30D"
2020/11/27,154627,"ENVIO TED","451.604,00D","1.619.118,30D"
2020/11/27,179181,"ENVIO TED","161.986,50D","1.781.104,80D"
2020/11/27,182386,"ENVIO TED","47.889,00D","1.828.993,80D"
2020/11/27,727220,"RESG AUTOM",1828993.8,0
2020/11/30,130169,"ENVIO TED","451.604,00D","451.604,00D"
2020/11/30,140976,"ENVIO TED","106.260,00D","557.864,00D"
2020/11/30,141779,"ENVIO TED","910,00D","558.774,00D"
2020/11/30,142547,"ENVIO TED","65,00D","558.839,00D"
2020/11/30,143004,"ENVIO TED","15.132,64D","573.971,64D"
2020/11/30,143429,"ENVIO TED","500,00D","574.471,64D"
2020/11/30,143763,"ENVIO TED","17.587,50D","592.059,14D"
2020/11/30,144382,"ENVIO TED","17.592,00D","609.651,14D"
2020/11/30,144970,"ENVIO TED","17.002,51D","626.653,65D"
2020/11/30,145561,"ENVIO TED","5.029,88D","631.683,53D"
2020/11/30,146136,"ENVIO TED","21.714,43D","653.397,96D"
2020/11/30,146652,"ENVIO TED","4.725,00D","658.122,96D"
2020/11/30,147233,"ENVIO TED","24.091,20D","682.214,16D"
2020/11/30,147728,"ENVIO TED","3.019,80D","685.233,96D"
2020/11/30,148312,"ENVIO TED","3.019,80D","688.253,76D"
2020/11/30,148857,"ENVIO TED","3.019,80D","691.273,56D"
2020/11/30,149409,"ENVIO TED","3.019,80D","694.293,36D"
2020/11/30,150042,"ENVIO TED","3.019,80D","697.313,16D"
2020/11/30,150396,"ENVIO TED","20.000,00D","717.313,16D"
2020/11/30,150667,"ENVIO TED","14.000,00D","731.313,16D"
2020/11/30,300934,"ENVIO TEV","18.329,85D","749.643,01D"
2020/11/30,727220,"RESG AUTOM",749643.01,0
2020/11/30,-,"SALDO FINAL",-,0
"                         Caixa Econômica Federal",,,,
"                              GovConta Caixa",,,,
"                     Extrato das Contas Individuais",,,,
,,,,
"Conta de Referência..: 0316/006/00624053-1 FUNDO MUNICIPAL DE SAUDE        ",,,,
"Data de Solicitação..: 11/05/2021 04:55:43 PM",,,,
"Data de Referência...: 01/12/2020 - 31/12/2020",,,,
,,,,
"Data Mov",Nr.Doc,Histórico,"Valor (R$)","Saldo (R$)"
2020/12/01,-,"SALDO ANTERIOR",-,0
2020/12/01,1,"CRED TED",1000000,1000000
2020/12/01,1,"CRED TED",300000,1300000
2020/12/01,201201,"EST DB TED",800,1300800
2020/12/01,10825,"ENVIO TEV","6.115,76D",1294684.24
2020/12/01,10825,"ENVIO TEV","1.210,02D",1293474.22
2020/12/01,10825,"ENVIO TEV","1.405,80D",1292068.42
2020/12/01,11548,"ENVIO TEV","1.127.119,30D",164949.12
2020/12/01,116621,"ENVIO TED","5.550,00D",159399.12
2020/12/01,116769,"ENVIO TED","374,55D",159024.57
2020/12/01,117344,"ENVIO TED","6.153,86D",152870.71
2020/12/01,117913,"ENVIO TED","240,16D",152630.55
2020/12/01,118155,"ENVIO TED","249,70D",152380.85
2020/12/01,118443,"ENVIO TED","5,23D",152375.62
2020/12/01,119118,"ENVIO TED","4.214,09D",148161.53
2020/12/01,119287,"ENVIO TED","280,54D",147880.99
2020/12/01,119472,"ENVIO TED","46,24D",147834.75
2020/12/01,119845,"ENVIO TED","2.011,87D",145822.88
2020/12/01,120164,"ENVIO TED","533,34D",145289.54
2020/12/01,120405,"ENVIO TED","800,00D",144489.54
2020/12/01,120708,"ENVIO TED","800,00D",143689.54
2020/12/01,121076,"ENVIO TED","134.700,00D",8989.54
2020/12/01,122873,"ENVIO TED","3.890,00D",5099.54
2020/12/01,123105,"ENVIO TED","7.400,00D","2.300,46D"
2020/12/01,123911,"ENVIO TED","153,00D","2.453,46D"
2020/12/01,128547,"ENVIO TED","2.160,00D","4.613,46D"
2020/12/01,727220,"RESG AUTOM",4613.46,0
2020/12/02,1,"CRED TED",29260,29260
2020/12/02,1,"CRED TED",20948.1,50208.1
2020/12/02,1,"CRED TED",207735.33,257943.43
2020/12/02,1,"CRED TED",28944.09,286887.52
2020/12/02,990001,"APL AUTOM","286.887,52D",0
2020/12/03,1,"CRED TED",240000,240000
2020/12/03,1,"CRED TED",22100,262100
2020/12/03,1,"CRED TED",204243.98,466343.98
2020/12/03,1,"CRED TED",200200,666543.98
2020/12/03,1,"CRED TED",847332.35,1513876.33
2020/12/03,262047,"PAG BOLETO","6.252,00D",1507624.33
2020/12/03,31032,"ENVIO TEV","85.149,00D",1422475.33
2020/12/03,31032,"ENVIO TEV","220.534,10D",1201941.23
2020/12/03,31034,"ENVIO TEV","79.240,00D",1122701.23
2020/12/03,127836,"ENVIO TED","1.549,92D",1121151.31
2020/12/03,128134,"ENVIO TED","1.053,84D",1120097.47
2020/12/03,128555,"ENVIO TED","29.262,79D",1090834.68
2020/12/03,128859,"ENVIO TED","75,00D",1090759.68
2020/12/03,129179,"ENVIO TED","1.200,00D",1089559.68
2020/12/03,129438,"ENVIO TED","15.781,00D",1073778.68
2020/12/03,129763,"ENVIO TED","9.181,45D",1064597.23
2020/12/03,130138,"ENVIO TED","13.561,48D",1051035.75
2020/12/03,130372,"ENVIO TED","287,24D",1050748.51
2020/12/03,133227,"ENVIO TED","500.000,00D",550748.51
2020/12/03,133783,"ENVIO TED","490.000,00D",60748.51
2020/12/03,134131,"ENVIO TED","320.486,03D","259.737,52D"
2020/12/03,151789,"ENVIO TED","287,22D","260.024,74D"
2020/12/03,152127,"ENVIO TED","2.105,65D","262.130,39D"
2020/12/03,153094,"ENVIO TED","13.885,66D","276.016,05D"
2020/12/03,153436,"ENVIO TED","55,00D","276.071,05D"
2020/12/03,153772,"ENVIO TED","594,00D","276.665,05D"
2020/12/03,154136,"ENVIO TED","2.506,68D","279.171,73D"
2020/12/03,154464,"ENVIO TED","41.560,84D","320.732,57D"
2020/12/03,155120,"ENVIO TED","2.619,00D","323.351,57D"
2020/12/03,155799,"ENVIO TED","2.636,04D","325.987,61D"
2020/12/03,156242,"ENVIO TED","5.100,00D","331.087,61D"
2020/12/03,156774,"ENVIO TED","2.369,58D","333.457,19D"
2020/12/03,158961,"ENVIO TED","500.000,00D","833.457,19D"
2020/12/03,159259,"ENVIO TED","277.833,60D","1.111.290,79D"
2020/12/03,159816,"ENVIO TED","509,58D","1.111.800,37D"
2020/12/03,160108,"ENVIO TED","1.838,74D","1.113.639,11D"
2020/12/03,161261,"ENVIO TED","954,80D","1.114.593,91D"
2020/12/03,161665,"ENVIO TED","2.280,00D","1.116.873,91D"
2020/12/03,162213,"ENVIO TED","356,50D","1.117.230,41D"
2020/12/03,162510,"ENVIO TED","108,00D","1.117.338,41D"
2020/12/03,163104,"ENVIO TED","845,00D","1.118.183,41D"
2020/12/03,163485,"ENVIO TED","120,00D","1.118.303,41D"
2020/12/03,164290,"ENVIO TED","437,92D","1.118.741,33D"
2020/12/03,164805,"ENVIO TED","4.682,61D","1.123.423,94D"
2020/12/03,165094,"ENVIO TED","915,00D","1.124.338,94D"
2020/12/03,165510,"ENVIO TED","6.296,60D","1.130.635,54D"
2020/12/03,165900,"ENVIO TED","875,00D","1.131.510,54D"
2020/12/03,166509,"ENVIO TED","5.423,43D","1.136.933,97D"
2020/12/03,166870,"ENVIO TED","38.073,64D","1.175.007,61D"
2020/12/03,167345,"ENVIO TED","136.591,77D","1.311.599,38D"
2020/12/03,727220,"RESG AUTOM",1311599.38,0
2020/12/04,1,"CRED TED",1540,1540
2020/12/04,1,"CRED TED",200000,201540
2020/12/04,41526,"CRED TEV",1000,202540
2020/12/04,41011,"ENVIO TEV","150.000,00D",52540
2020/12/04,41011,"ENVIO TEV","198.681,00D","146.141,00D"
2020/12/04,114845,"ENVIO TED","8.400,00D","154.541,00D"
2020/12/04,115021,"ENVIO TED","596,69D","155.137,69D"
2020/12/04,115200,"ENVIO TED","2.930,00D","158.067,69D"
2020/12/04,115397,"ENVIO TED","155.225,40D","313.293,09D"
2020/12/04,125003,"ENVIO TED","800,00D","314.093,09D"
2020/12/04,727220,"RESG AUTOM",314093.09,0
2020/12/07,1,"CRED TED",8739915.15,8739915.15
2020/12/07,1,"CRED TED",80000,8819915.15
2020/12/07,1,"CRED TED",80000,8899915.15
2020/12/07,1,"CRED TED",60000,8959915.15
2020/12/07,1,"CRED TED",146475,9106390.15
2020/12/07,70847,"ENVIO TEV","1.851.872,65D",7254517.5
2020/12/07,71306,"ENVIO TEV","142.114,98D",7112402.52
2020/12/07,100085,"ENVIO TED","5.132,36D",7107270.16
2020/12/07,101065,"ENVIO TED","9.975,85D",7097294.31
2020/12/07,103026,"ENVIO TED","8.317,00D",7088977.31
2020/12/07,103238,"ENVIO TED","6.655,92D",7082321.39
2020/12/07,103583,"ENVIO TED","1.650,00D",7080671.39
2020/12/07,103813,"ENVIO TED","3.159,80D",7077511.59
2020/12/07,104249,"ENVIO TED","8.961,10D",7068550.49
2020/12/07,104920,"ENVIO TED","7.756,86D",7060793.63
2020/12/07,105431,"ENVIO TED","12.560,50D",7048233.13
2020/12/07,148253,"ENVIO TED","12.560,50D",7035672.63
2020/12/07,148976,"ENVIO TED","39.672,52D",6996000.11
2020/12/07,149311,"ENVIO TED","12.654,67D",6983345.44
2020/12/07,149737,"ENVIO TED","71.278,08D",6912067.36
2020/12/07,150203,"ENVIO TED","36.846,57D",6875220.79
2020/12/07,150822,"ENVIO TED","139.878,49D",6735342.3
2020/12/07,151381,"ENVIO TED","117.363,94D",6617978.36
2020/12/07,151754,"ENVIO TED","25.912,66D",6592065.7
2020/12/07,152093,"ENVIO TED","3.810,00D",6588255.7
2020/12/07,152491,"ENVIO TED","1.304,50D",6586951.2
2020/12/07,152876,"ENVIO TED","3.469,99D",6583481.21
2020/12/07,153276,"ENVIO TED","6.755,00D",6576726.21
2020/12/07,153602,"ENVIO TED","25.880,00D",6550846.21
2020/12/07,990001,"APL AUTOM","6.550.846,21D",0
2020/12/08,1,"CRED TED",7500,7500
2020/12/08,80931,"ENVIO TEV","500.000,00D","492.500,00D"
2020/12/08,81541,"ENVIO TEV","4.779,00D","497.279,00D"
2020/12/08,81541,"ENVIO TEV","1.150,00D","498.429,00D"
2020/12/08,81541,"ENVIO TEV","2.378,30D","500.807,30D"
2020/12/08,125702,"ENVIO TED","50.600,00D","551.407,30D"
2020/12/08,125923,"ENVIO TED","12.892,94D","564.300,24D"
2020/12/08,126173,"ENVIO TED","749,81D","565.050,05D"
2020/12/08,126369,"ENVIO TED","4.166,67D","569.216,72D"
2020/12/08,141198,"ENVIO TED","217.601,46D","786.818,18D"
2020/12/08,141487,"ENVIO TED","375.200,00D","1.162.018,18D"
2020/12/08,172150,"ENVIO TED","13.338,00D","1.175.356,18D"
2020/12/08,173432,"ENVIO TED","7.263,14D","1.182.619,32D"
2020/12/08,173707,"ENVIO TED","3.020,24D","1.185.639,56D"
2020/12/08,173978,"ENVIO TED","4.700,00D","1.190.339,56D"
2020/12/08,174473,"ENVIO TED","7.500,00D","1.197.839,56D"
2020/12/08,174802,"ENVIO TED","7.001,00D","1.204.840,56D"
2020/12/08,175162,"ENVIO TED","7.770,60D","1.212.611,16D"
2020/12/08,175397,"ENVIO TED","102,00D","1.212.713,16D"
2020/12/08,180003,"ENVIO TED","235,00D","1.212.948,16D"
2020/12/08,180191,"ENVIO TED","249,17D","1.213.197,33D"
2020/12/08,727220,"RESG AUTOM",1213197.33,0
2020/12/09,1,"CRED TED",197400,197400
2020/12/09,1,"CRED TED",63977,261377
2020/12/09,1,"CRED TED",129021,390398
2020/12/09,90900,"ENVIO TEV","9.900,00D",380498
2020/12/09,125507,"ENVIO TED","650,00D",379848
2020/12/09,125835,"ENVIO TED","6.083,00D",373765
2020/12/09,126469,"ENVIO TED","5.278,00D",368487
2020/12/09,127184,"ENVIO TED","4.055,00D",364432
2020/12/09,127933,"ENVIO TED","8.770,00D",355662
2020/12/09,156593,"ENVIO TED","225.802,00D",129860
2020/12/09,990001,"APL AUTOM","129.860,00D",0
2020/12/10,1,"CRED TED",9800,9800
2020/12/10,1,"CRED TED",3000,12800
2020/12/10,1,"CRED TED",105627.55,118427.55
2020/12/10,101103,"ENVIO TEV","23.674,50D",94753.05
2020/12/10,101103,"ENVIO TEV","148.015,10D","53.262,05D"
2020/12/10,101103,"ENVIO TEV","1.087.062,84D","1.140.324,89D"
2020/12/10,101113,"ENVIO TEV","392.765,72D","1.533.090,61D"
2020/12/10,179363,"ENVIO TED","384,00D","1.533.474,61D"
2020/12/10,179776,"ENVIO TED","138,79D","1.533.613,40D"
2020/12/10,180097,"ENVIO TED","8.894,55D","1.542.507,95D"
2020/12/10,180420,"ENVIO TED","540,00D","1.543.047,95D"
2020/12/10,180828,"ENVIO TED","2.240,00D","1.545.287,95D"
2020/12/10,181446,"ENVIO TED","8.427,80D","1.553.715,75D"
2020/12/10,181803,"ENVIO TED","240,00D","1.553.955,75D"
2020/12/10,182114,"ENVIO TED","3.920,40D","1.557.876,15D"
2020/12/10,182460,"ENVIO TED","1.208,00D","1.559.084,15D"
2020/12/10,182757,"ENVIO TED","94,00D","1.559.178,15D"
2020/12/10,183113,"ENVIO TED","900,00D","1.560.078,15D"
2020/12/10,183410,"ENVIO TED","284,13D","1.560.362,28D"
2020/12/10,183695,"ENVIO TED","371,00D","1.560.733,28D"
2020/12/10,184347,"ENVIO TED","4.700,00D","1.565.433,28D"
2020/12/10,184813,"ENVIO TED","1.020,00D","1.566.453,28D"
2020/12/10,185312,"ENVIO TED","130,00D","1.566.583,28D"
2020/12/10,198617,"ENVIO TED","429.774,01D","1.996.357,29D"
2020/12/10,727220,"RESG AUTOM",1996357.29,0
2020/12/11,129922,"ENVIO TED","139.957,25D","139.957,25D"
2020/12/11,727220,"RESG AUTOM",139957.25,0
2020/12/14,105826,"ENVIO TED","18.900,00D","18.900,00D"
2020/12/14,106849,"ENVIO TED","6.300,00D","25.200,00D"
2020/12/14,135042,"ENVIO TED","2.550,00D","27.750,00D"
2020/12/14,135918,"ENVIO TED","783,26D","28.533,26D"
2020/12/14,136317,"ENVIO TED","1.880,00D","30.413,26D"
2020/12/14,137183,"ENVIO TED","371.322,14D","401.735,40D"
2020/12/14,137606,"ENVIO TED","17.415,00D","419.150,40D"
2020/12/14,140908,"ENVIO TEV","586.735,40D","1.005.885,80D"
2020/12/14,140908,"ENVIO TEV","4.999,05D","1.010.884,85D"
2020/12/14,140908,"ENVIO TEV","5.184,20D","1.016.069,05D"
2020/12/14,140908,"ENVIO TEV","5.939,83D","1.022.008,88D"
2020/12/14,140908,"ENVIO TEV","52.176,77D","1.074.185,65D"
2020/12/14,140908,"ENVIO TEV","925,75D","1.075.111,40D"
2020/12/14,140908,"ENVIO TEV","11.294,15D","1.086.405,55D"
2020/12/14,140908,"ENVIO TEV","16.991,86D","1.103.397,41D"
2020/12/14,141226,"ENVIO TEV","17.293,28D","1.120.690,69D"
2020/12/14,141977,"ENVIO TED","7.177,44D","1.127.868,13D"
2020/12/14,142672,"ENVIO TED","10.974,00D","1.138.842,13D"
2020/12/14,156296,"ENVIO TED","1.435,53D","1.140.277,66D"
2020/12/14,156666,"ENVIO TED","21.935,00D","1.162.212,66D"
2020/12/14,157091,"ENVIO TED","690,00D","1.162.902,66D"
2020/12/14,157387,"ENVIO TED","1.678,70D","1.164.581,36D"
2020/12/14,157740,"ENVIO TED","722,00D","1.165.303,36D"
2020/12/14,158096,"ENVIO TED","125,00D","1.165.428,36D"
2020/12/14,158433,"ENVIO TED","98,90D","1.165.527,26D"
2020/12/14,158717,"ENVIO TED","299,13D","1.165.826,39D"
2020/12/14,159159,"ENVIO TED","380,00D","1.166.206,39D"
2020/12/14,159506,"ENVIO TED","52.397,52D","1.218.603,91D"
2020/12/14,159978,"ENVIO TED","63.510,00D","1.282.113,91D"
2020/12/14,160367,"ENVIO TED","652,30D","1.282.766,21D"
2020/12/14,160695,"ENVIO TED","280,00D","1.283.046,21D"
2020/12/14,161339,"ENVIO TED","17,46D","1.283.063,67D"
2020/12/14,162027,"ENVIO TED","198,29D","1.283.261,96D"
2020/12/14,162435,"ENVIO TED","6.290,00D","1.289.551,96D"
2020/12/14,162769,"ENVIO TED","1.664,00D","1.291.215,96D"
2020/12/14,163124,"ENVIO TED","12.480,00D","1.303.695,96D"
2020/12/14,163452,"ENVIO TED","4.702,50D","1.308.398,46D"
2020/12/14,163812,"ENVIO TED","5.920,00D","1.314.318,46D"
2020/12/14,727220,"RESG AUTOM",1314318.46,0
2020/12/15,1,"CRED TED",31774.08,31774.08
2020/12/15,131205,"ENVIO TED","234.800,00D","203.025,92D"
2020/12/15,150947,"ENVIO TEV","362.117,35D","565.143,27D"
2020/12/15,727220,"RESG AUTOM",565143.27,0
2020/12/16,122469,"ENVIO TED","45.878,22D","45.878,22D"
2020/12/16,141778,"ENVIO TED","31.500,00D","77.378,22D"
2020/12/16,142659,"ENVIO TED","3.030,00D","80.408,22D"
2020/12/16,143936,"ENVIO TED","4.574,70D","84.982,92D"
2020/12/16,145011,"ENVIO TED","39.402,00D","124.384,92D"
2020/12/16,145387,"ENVIO TED","923,40D","125.308,32D"
2020/12/16,145693,"ENVIO TED","504,00D","125.812,32D"
2020/12/16,146005,"ENVIO TED","3.983,00D","129.795,32D"
2020/12/16,146444,"ENVIO TED","6.240,00D","136.035,32D"
2020/12/16,146812,"ENVIO TED","9.972,18D","146.007,50D"
2020/12/16,147118,"ENVIO TED","101,50D","146.109,00D"
2020/12/16,147508,"ENVIO TED","340,00D","146.449,00D"
2020/12/16,147862,"ENVIO TED","7.177,44D","153.626,44D"
2020/12/16,148232,"ENVIO TED","5.304,00D","158.930,44D"
2020/12/16,148548,"ENVIO TED","22.360,00D","181.290,44D"
2020/12/16,154032,"ENVIO TED","23.601,18D","204.891,62D"
2020/12/16,156102,"ENVIO TED","2.281,25D","207.172,87D"
2020/12/16,156415,"ENVIO TED","9.000,00D","216.172,87D"
2020/12/16,156920,"ENVIO TED","10.800,00D","226.972,87D"
2020/12/16,157296,"ENVIO TED","25.755,00D","252.727,87D"
2020/12/16,157637,"ENVIO TED","625,00D","253.352,87D"
2020/12/16,158484,"ENVIO TED","608,82D","253.961,69D"
2020/12/16,158908,"ENVIO TED","5.838,56D","259.800,25D"
2020/12/16,159227,"ENVIO TED","30,00D","259.830,25D"
2020/12/16,159545,"ENVIO TED","241,00D","260.071,25D"
2020/12/16,159907,"ENVIO TED","1.012,00D","261.083,25D"
2020/12/16,160257,"ENVIO TED","8.250,00D","269.333,25D"
2020/12/16,160550,"ENVIO TED","15.000,00D","284.333,25D"
2020/12/16,161008,"ENVIO TEV","374,00D","284.707,25D"
2020/12/16,161008,"ENVIO TEV","4.032,00D","288.739,25D"
2020/12/16,161008,"ENVIO TEV","35.200,00D","323.939,25D"
2020/12/16,161008,"ENVIO TEV","35.200,00D","359.139,25D"
2020/12/16,161008,"ENVIO TEV","35.200,00D","394.339,25D"
2020/12/16,161513,"ENVIO TEV","2.062,30D","396.401,55D"
2020/12/16,161513,"ENVIO TEV","2.223,40D","398.624,95D"
2020/12/16,727220,"RESG AUTOM",398624.95,0
2020/12/17,1,"CRED TED",58916.66,58916.66
2020/12/17,1,"CRED TED",10807.26,69723.92
2020/12/17,1,"CRED TED",192,69915.92
2020/12/17,990001,"APL AUTOM","69.915,92D",0
2020/12/18,1,"CRED TED",7900,7900
2020/12/18,1,"CRED TED",36181.75,44081.75
2020/12/18,1,"CRED TED",7900,51981.75
2020/12/18,1,"CRED TED",7900,59881.75
2020/12/18,1,"CRED TED",20960.49,80842.24
2020/12/18,123009,"ENVIO TED","1.500,00D",79342.24
2020/12/18,123249,"ENVIO TED","24.900,00D",54442.24
2020/12/18,123617,"ENVIO TED","2.011,87D",52430.37
2020/12/18,123915,"ENVIO TED","4.214,09D",48216.28
2020/12/18,181103,"ENVIO TEV","2.208.000,00D","2.159.783,72D"
2020/12/18,184898,"ENVIO TED","3.019,80D","2.162.803,52D"
2020/12/18,185269,"ENVIO TED","3.019,80D","2.165.823,32D"
2020/12/18,185700,"ENVIO TED","3.019,80D","2.168.843,12D"
2020/12/18,186137,"ENVIO TED","3.019,80D","2.171.862,92D"
2020/12/18,186469,"ENVIO TED","3.019,80D","2.174.882,72D"
2020/12/18,727220,"RESG AUTOM",2174882.72,0
2020/12/21,1,"CRED TED",7900,7900
2020/12/21,1,"CRED TED",7900,15800
2020/12/21,990001,"APL AUTOM","15.800,00D",0
2020/12/22,1,"CRED TED",2800,2800
2020/12/22,1,"CRED TED",20960.49,23760.49
2020/12/22,1,"CRED TED",76591.67,100352.16
2020/12/22,213919,"PAG BOLETO","660,00D",99692.16
2020/12/22,213963,"PAG BOLETO","240,00D",99452.16
2020/12/22,213991,"PAG BOLETO","13.959,60D",85492.56
2020/12/22,214015,"PAG BOLETO","4.156,00D",81336.56
2020/12/22,157885,"ENVIO TED","6.154,46D",75182.1
2020/12/22,158225,"ENVIO TED","249,70D",74932.4
2020/12/22,158640,"ENVIO TED","7.021,85D",67910.55
2020/12/22,158751,"ENVIO TED","46.586,14D",21324.41
2020/12/22,160648,"ENVIO TED","5,23D",21319.18
2020/12/22,161118,"ENVIO TED","240,16D",21079.02
2020/12/22,161485,"ENVIO TED","520,00D",20559.02
2020/12/22,162503,"ENVIO TED","295,45D",20263.57
2020/12/22,162814,"ENVIO TED","2.746,29D",17517.28
2020/12/22,163150,"ENVIO TED","374,55D",17142.73
2020/12/22,163462,"ENVIO TED","330,00D",16812.73
2020/12/22,163984,"ENVIO TED","109.445,62D","92.632,89D"
2020/12/22,164845,"ENVIO TED","15.000,00D","107.632,89D"
2020/12/22,165440,"ENVIO TED","505,00D","108.137,89D"
2020/12/22,166043,"ENVIO TED","42.892,20D","151.030,09D"
2020/12/22,166501,"ENVIO TED","162,54D","151.192,63D"
2020/12/22,166930,"ENVIO TED","1.410,00D","152.602,63D"
2020/12/22,167445,"ENVIO TED","5.170,00D","157.772,63D"
2020/12/22,167802,"ENVIO TED","32,00D","157.804,63D"
2020/12/22,168203,"ENVIO TED","8.749,44D","166.554,07D"
2020/12/22,168623,"ENVIO TED","729,00D","167.283,07D"
2020/12/22,169009,"ENVIO TED","6.580,00D","173.863,07D"
2020/12/22,198032,"ENVIO TED","5.700,00D","179.563,07D"
2020/12/22,221024,"ENVIO TEV","18.329,85D","197.892,92D"
2020/12/22,221024,"ENVIO TEV","71.698,78D","269.591,70D"
2020/12/22,727220,"RESG AUTOM",269591.7,0
2020/12/23,131006,"ENVIO TED","454.914,25D","454.914,25D"
2020/12/23,148806,"ENVIO TED","31.768,00D","486.682,25D"
2020/12/23,230908,"ENVIO TEV","17.920,84D","504.603,09D"
2020/12/23,727220,"RESG AUTOM",504603.09,0
2020/12/24,1,"CRED TED",7724,7724
2020/12/24,1,"CRED TED",480000,487724
2020/12/24,990001,"APL AUTOM","487.724,00D",0
2020/12/28,1,"CRED TED",1931,1931
2020/12/28,1,"CRED TED",221264,223195
2020/12/28,43656,"DOC ELET E","287,24D",222907.76
2020/12/28,43657,"DOC ELET E","287,22D",222620.54
2020/12/28,424193,"PAG BOLETO","38.583,00D",184037.54
2020/12/28,424309,"PAG BOLETO","7.551,60D",176485.94
2020/12/28,424374,"PAG BOLETO","15.050,00D",161435.94
2020/12/28,424441,"PAG BOLETO","2.527,00D",158908.94
2020/12/28,424582,"PAG BOLETO","13.566,00D",145342.94
2020/12/28,424652,"PAG BOLETO","42.005,00D",103337.94
2020/12/28,424691,"PAG BOLETO","11.400,00D",91937.94
2020/12/28,424812,"PAG BOLETO","21.700,00D",70237.94
2020/12/28,424866,"PAG BOLETO","7.191,00D",63046.94
2020/12/28,103001,"ENVIO TED","106.000,00D","42.953,06D"
2020/12/28,103269,"ENVIO TED","69.285,00D","112.238,06D"
2020/12/28,103640,"ENVIO TED","58.065,00D","170.303,06D"
2020/12/28,107227,"ENVIO TED","500.000,00D","670.303,06D"
2020/12/28,107348,"ENVIO TED","490.000,00D","1.160.303,06D"
2020/12/28,107453,"ENVIO TED","224.650,63D","1.384.953,69D"
2020/12/28,119441,"ENVIO TED","296,90D","1.385.250,59D"
2020/12/28,121572,"ENVIO TED","1.940,00D","1.387.190,59D"
2020/12/28,121805,"ENVIO TED","29.498,82D","1.416.689,41D"
2020/12/28,122016,"ENVIO TED","37.800,00D","1.454.489,41D"
2020/12/28,122253,"ENVIO TED","192.422,93D","1.646.912,34D"
2020/12/28,122653,"ENVIO TED","2.464,00D","1.649.376,34D"
2020/12/28,122893,"ENVIO TED","3.562,00D","1.652.938,34D"
2020/12/28,123137,"ENVIO TED","450,00D","1.653.388,34D"
2020/12/28,123354,"ENVIO TED","2.029,20D","1.655.417,54D"
2020/12/28,123578,"ENVIO TED","688,00D","1.656.105,54D"
2020/12/28,123780,"ENVIO TED","1.094,40D","1.657.199,94D"
2020/12/28,124009,"ENVIO TED","3.745,00D","1.660.944,94D"
2020/12/28,124836,"ENVIO TED","1.905,00D","1.662.849,94D"
2020/12/28,125885,"ENVIO TED","301,92D","1.663.151,86D"
2020/12/28,126609,"ENVIO TED","600,00D","1.663.751,86D"
2020/12/28,126813,"ENVIO TED","9.828,00D","1.673.579,86D"
2020/12/28,127204,"ENVIO TED","375,00D","1.673.954,86D"
2020/12/28,127409,"ENVIO TED","223.500,00D","1.897.454,86D"
2020/12/28,127791,"ENVIO TED","495,17D","1.897.950,03D"
2020/12/28,128089,"ENVIO TED","1.157,18D","1.899.107,21D"
2020/12/28,128293,"ENVIO TED","5.340,00D","1.904.447,21D"
2020/12/28,128518,"ENVIO TED","20.470,00D","1.924.917,21D"
2020/12/28,128806,"ENVIO TED","12.600,00D","1.937.517,21D"
2020/12/28,129353,"ENVIO TED","5.370,00D","1.942.887,21D"
2020/12/28,129915,"ENVIO TED","7.399,00D","1.950.286,21D"
2020/12/28,130222,"ENVIO TED","820,00D","1.951.106,21D"
2020/12/28,130605,"ENVIO TED","2.350,00D","1.953.456,21D"
2020/12/28,133408,"ENVIO TED","500,00D","1.953.956,21D"
2020/12/28,137224,"ENVIO TED","175.000,00D","2.128.956,21D"
2020/12/28,137512,"ENVIO TED","194.870,00D","2.323.826,21D"
2020/12/28,137834,"ENVIO TED","51.130,57D","2.374.956,78D"
2020/12/28,138293,"ENVIO TED","2.800,00D","2.377.756,78D"
2020/12/28,138828,"ENVIO TED","20.505,60D","2.398.262,38D"
2020/12/28,139094,"ENVIO TED","8.477,61D","2.406.739,99D"
2020/12/28,139583,"ENVIO TED","26.319,06D","2.433.059,05D"
2020/12/28,139810,"ENVIO TED","9.758,00D","2.442.817,05D"
2020/12/28,140058,"ENVIO TED","1.620,00D","2.444.437,05D"
2020/12/28,140393,"ENVIO TED","1.573,11D","2.446.010,16D"
2020/12/28,140647,"ENVIO TED","5.553,60D","2.451.563,76D"
2020/12/28,140867,"ENVIO TED","1.273,64D","2.452.837,40D"
2020/12/28,141113,"ENVIO TED","356,28D","2.453.193,68D"
2020/12/28,141402,"ENVIO TED","1.390,38D","2.454.584,06D"
2020/12/28,141759,"ENVIO TED","4.278,27D","2.458.862,33D"
2020/12/28,142059,"ENVIO TED","52,00D","2.458.914,33D"
2020/12/28,142683,"ENVIO TED","11.400,00D","2.470.314,33D"
2020/12/28,143123,"ENVIO TED","3.332,00D","2.473.646,33D"
2020/12/28,143469,"ENVIO TED","2.279,40D","2.475.925,73D"
2020/12/28,143729,"ENVIO TED","2.350,00D","2.478.275,73D"
2020/12/28,143976,"ENVIO TED","5.318,60D","2.483.594,33D"
2020/12/28,144213,"ENVIO TED","1.880,00D","2.485.474,33D"
2020/12/28,144800,"ENVIO TED","1.410,00D","2.486.884,33D"
2020/12/28,147164,"ENVIO TED","5.802,37D","2.492.686,70D"
2020/12/28,147209,"ENVIO TED","5.423,43D","2.498.110,13D"
2020/12/28,147450,"ENVIO TED","308.502,29D","2.806.612,42D"
2020/12/28,147541,"ENVIO TED","5.029,88D","2.811.642,30D"
2020/12/28,147749,"ENVIO TED","17.002,51D","2.828.644,81D"
2020/12/28,147800,"ENVIO TED","15.765,80D","2.844.410,61D"
2020/12/28,148058,"ENVIO TED","59.947,92D","2.904.358,53D"
2020/12/28,148328,"ENVIO TED","15.791,39D","2.920.149,92D"
2020/12/28,186978,"ENVIO TED","30.547,75D","2.950.697,67D"
2020/12/28,281010,"ENVIO TEV","7.388,70D","2.958.086,37D"
2020/12/28,281010,"ENVIO TEV","5.637,38D","2.963.723,75D"
2020/12/28,281010,"ENVIO TEV","2.350,00D","2.966.073,75D"
2020/12/28,281010,"ENVIO TEV","1.395,70D","2.967.469,45D"
2020/12/28,281010,"ENVIO TEV","550,00D","2.968.019,45D"
2020/12/28,281010,"ENVIO TEV","1.100,00D","2.969.119,45D"
2020/12/28,281010,"ENVIO TEV","1.331,96D","2.970.451,41D"
2020/12/28,281150,"ENVIO TEV","3.619,99D","2.974.071,40D"
2020/12/28,281447,"ENVIO TEV","85.149,00D","3.059.220,40D"
2020/12/28,727220,"RESG AUTOM",3059220.4,0
2020/12/29,1,"CRED TED",4277.95,4277.95
2020/12/29,990001,"APL AUTOM","4.277,95D",0
2020/12/30,156908,"ENVIO TED","720,00D","720,00D"
2020/12/30,727220,"RESG AUTOM",720,0
2020/12/31,-,"SALDO FINAL",-,0
"                         Caixa Econômica Federal",,,,
"                              GovConta Caixa",,,,
"                     Extrato das Contas Individuais",,,,
,,,,
"Conta de Referência..: 0316/006/00624053-1 FUNDO MUNICIPAL DE SAUDE        ",,,,
"Data de Solicitação..: 13/05/2021 05:25:25 PM",,,,
"Data de Referência...: 01/01/2021 - 31/01/2021",,,,
,,,,
"Data Mov",Nr.Doc,Histórico,"Valor (R$)","Saldo (R$)"
2021/01/01,-,"SALDO ANTERIOR",-,0
2021/01/04,1,"CRED TED",149261.42,149261.42
2021/01/04,1,"CRED TED",906249.01,1055510.43
2021/01/04,1,"CRED TED",207735.33,1263245.76
2021/01/04,1,"CRED TED",3000,1266245.76
2021/01/04,1,"CRED TED",201600,1467845.76
2021/01/04,990001,"APL AUTOM","1.467.845,76D",0
2021/01/05,113882,"ENVIO TED","8.097,00D","8.097,00D"
2021/01/05,114407,"ENVIO TED","21.592,00D","29.689,00D"
2021/01/05,149055,"ENVIO TED","6.100,00D","35.789,00D"
2021/01/05,149443,"ENVIO TED","658,65D","36.447,65D"
2021/01/05,149836,"ENVIO TED","27.026,44D","63.474,09D"
2021/01/05,150773,"ENVIO TED","114.093,78D","177.567,87D"
2021/01/05,151652,"ENVIO TED","101.000,00D","278.567,87D"
2021/01/05,152214,"ENVIO TED","126.400,00D","404.967,87D"
2021/01/05,152789,"ENVIO TED","241.717,62D","646.685,49D"
2021/01/05,153379,"ENVIO TED","39.188,66D","685.874,15D"
2021/01/05,187432,"ENVIO TED","500.000,00D","1.185.874,15D"
2021/01/05,187703,"ENVIO TED","499.000,00D","1.684.874,15D"
2021/01/05,188198,"ENVIO TED","175.084,90D","1.859.959,05D"
2021/01/05,727220,"RESG AUTOM",1859959.05,0
2021/01/06,130781,"PAG BOLETO","60.886,50D","60.886,50D"
2021/01/06,60935,"ENVIO TEV","2.213.990,00D","2.274.876,50D"
2021/01/06,121408,"ENVIO TED","2.584,00D","2.277.460,50D"
2021/01/06,122282,"ENVIO TED","1.025,81D","2.278.486,31D"
2021/01/06,124187,"ENVIO TED","485,91D","2.278.972,22D"
2021/01/06,124718,"ENVIO TED","405,50D","2.279.377,72D"
2021/01/06,125574,"ENVIO TED","278,96D","2.279.656,68D"
2021/01/06,727220,"RESG AUTOM",2279656.68,0
2021/01/07,1,"CRED TED",1000000,1000000
2021/01/07,71241,"ENVIO TEV","198.681,00D",801319
2021/01/07,71241,"ENVIO TEV","150.000,00D",651319
2021/01/07,115949,"ENVIO TED","1.755,00D",649564
2021/01/07,116153,"ENVIO TED","100,00D",649464
2021/01/07,116367,"ENVIO TED","20.775,87D",628688.13
2021/01/07,116599,"ENVIO TED","8.320,00D",620368.13
2021/01/07,116658,"ENVIO TED","1.450,00D",618918.13
2021/01/07,117364,"ENVIO TED","727,50D",618190.63
2021/01/07,117699,"ENVIO TED","17.166,50D",601024.13
2021/01/07,117948,"ENVIO TED","530,00D",600494.13
2021/01/07,118240,"ENVIO TED","9.996,00D",590498.13
2021/01/07,118642,"ENVIO TED","696,00D",589802.13
2021/01/07,119462,"ENVIO TED","67.200,00D",522602.13
2021/01/07,990001,"APL AUTOM","522.602,13D",0
2021/01/08,294030,"PAG BOLETO","1.145,34D","1.145,34D"
2021/01/08,294082,"PAG BOLETO","1.145,34D","2.290,68D"
2021/01/08,757286,"PAG FONE","412,43D","2.703,11D"
2021/01/08,772486,"PAG FONE","539,47D","3.242,58D"
2021/01/08,81015,"ENVIO TEV","220.534,10D","223.776,68D"
2021/01/08,138080,"ENVIO TED","166.354,50D","390.131,18D"
2021/01/08,139332,"ENVIO TED","266,00D","390.397,18D"
2021/01/08,140202,"ENVIO TED","7.395,00D","397.792,18D"
2021/01/08,141069,"ENVIO TED","249,17D","398.041,35D"
2021/01/08,142661,"ENVIO TED","660,00D","398.701,35D"
2021/01/08,142955,"ENVIO TED","495,00D","399.196,35D"
2021/01/08,143452,"ENVIO TED","17.585,40D","416.781,75D"
2021/01/08,144277,"ENVIO TED","25.000,00D","441.781,75D"
2021/01/08,144860,"ENVIO TED","8.317,00D","450.098,75D"
2021/01/08,145755,"ENVIO TED","6.655,92D","456.754,67D"
2021/01/08,146152,"ENVIO TED","8.961,10D","465.715,77D"
2021/01/08,146464,"ENVIO TED","7.756,86D","473.472,63D"
2021/01/08,146911,"ENVIO TED","9.975,85D","483.448,48D"
2021/01/08,147345,"ENVIO TED","5.132,36D","488.580,84D"
2021/01/08,147741,"ENVIO TED","1.650,00D","490.230,84D"
2021/01/08,148087,"ENVIO TED","12.560,50D","502.791,34D"
2021/01/08,148443,"ENVIO TED","12.560,50D","515.351,84D"
2021/01/08,727220,"RESG AUTOM",515351.84,0
2021/01/11,1,"CRED TED",8782791.02,8782791.02
2021/01/11,1,"CRED TED",220000,9002791.02
2021/01/11,1,"CRED TED",22077,9024868.02
2021/01/11,136285,"ENVIO TED","8.900,00D",9015968.02
2021/01/11,136590,"ENVIO TED","4.212,00D",9011756.02
2021/01/11,137040,"ENVIO TED","1.016,00D",9010740.02
2021/01/11,137354,"ENVIO TED","6.005,00D",9004735.02
2021/01/11,137780,"ENVIO TED","1.314,96D",9003420.06
2021/01/11,138124,"ENVIO TED","1.392,60D",9002027.46
2021/01/11,138470,"ENVIO TED","21.015,82D",8981011.64
2021/01/11,139448,"ENVIO TED","1.522,50D",8979489.14
2021/01/11,990001,"APL AUTOM","8.979.489,14D",0
2021/01/12,121028,"ENVIO TEV","2.997,00D","2.997,00D"
2021/01/12,131035,"ENVIO TED","7.263,14D","10.260,14D"
2021/01/12,131303,"ENVIO TED","1.746,00D","12.006,14D"
2021/01/12,134722,"ENVIO TED","7.750,00D","19.756,14D"
2021/01/12,135056,"ENVIO TED","2.995,50D","22.751,64D"
2021/01/12,135311,"ENVIO TED","2.380,00D","25.131,64D"
2021/01/12,135546,"ENVIO TED","150,43D","25.282,07D"
2021/01/12,135788,"ENVIO TED","5.460,84D","30.742,91D"
2021/01/12,136003,"ENVIO TED","2.880,00D","33.622,91D"
2021/01/12,136363,"ENVIO TED","3.564,00D","37.186,91D"
2021/01/12,136676,"ENVIO TED","15.773,79D","52.960,70D"
2021/01/12,137163,"ENVIO TED","11.209,17D","64.169,87D"
2021/01/12,138636,"ENVIO TED","9.090,00D","73.259,87D"
2021/01/12,138853,"ENVIO TED","3.600,00D","76.859,87D"
2021/01/12,139418,"ENVIO TED","20.514,60D","97.374,47D"
2021/01/12,139814,"ENVIO TED","886,35D","98.260,82D"
2021/01/12,140123,"ENVIO TED","1.347,16D","99.607,98D"
2021/01/12,141006,"ENVIO TED","875,00D","100.482,98D"
2021/01/12,141582,"ENVIO TED","140.009,41D","240.492,39D"
2021/01/12,183940,"ENVIO TED","1.150,00D","241.642,39D"
2021/01/12,184314,"ENVIO TED","13.837,00D","255.479,39D"
2021/01/12,184573,"ENVIO TED","1.758,00D","257.237,39D"
2021/01/12,185008,"ENVIO TED","3.274,72D","260.512,11D"
2021/01/12,727220,"RESG AUTOM",260512.11,0
2021/01/13,111399,"ENVIO TED","15.000,00D","15.000,00D"
2021/01/13,111817,"ENVIO TED","9.595,00D","24.595,00D"
2021/01/13,111987,"ENVIO TED","1.528,88D","26.123,88D"
2021/01/13,112491,"ENVIO TED","626,94D","26.750,82D"
2021/01/13,112649,"ENVIO TED","571,64D","27.322,46D"
2021/01/13,112764,"ENVIO TED","1.704,00D","29.026,46D"
2021/01/13,112913,"ENVIO TED","5,88D","29.032,34D"
2021/01/13,113299,"ENVIO TED","3.444,00D","32.476,34D"
2021/01/13,143815,"ENVIO TED","4.200,00D","36.676,34D"
2021/01/13,144032,"ENVIO TED","4.200,00D","40.876,34D"
2021/01/13,727220,"RESG AUTOM",40876.34,0
2021/01/14,131845,"PAG BOLETO","34.578,00D","34.578,00D"
2021/01/14,131881,"PAG BOLETO","34.578,00D","69.156,00D"
2021/01/14,123080,"ENVIO TED","1.004,22D","70.160,22D"
2021/01/14,123413,"ENVIO TED","2.695,44D","72.855,66D"
2021/01/14,123585,"ENVIO TED","27.300,00D","100.155,66D"
2021/01/14,123747,"ENVIO TED","100.800,00D","200.955,66D"
2021/01/14,123998,"ENVIO TED","162,95D","201.118,61D"
2021/01/14,124206,"ENVIO TED","272,32D","201.390,93D"
2021/01/14,124441,"ENVIO TED","1.260,00D","202.650,93D"
2021/01/14,140946,"ENVIO TEV","594.462,13D","797.113,06D"
2021/01/14,140946,"ENVIO TEV","1.087.062,84D","1.884.175,90D"
2021/01/14,727220,"RESG AUTOM",1884175.9,0
2021/01/15,223946,"PAG BOLETO","6.100,00D","6.100,00D"
2021/01/15,109204,"ENVIO TED","41.400,00D","47.500,00D"
2021/01/15,109792,"ENVIO TED","2.893,37D","50.393,37D"
2021/01/15,128154,"ENVIO TED","2.161,04D","52.554,41D"
2021/01/15,128360,"ENVIO TED","1.189,00D","53.743,41D"
2021/01/15,128565,"ENVIO TED","1.530,00D","55.273,41D"
2021/01/15,128839,"ENVIO TED","2.120,00D","57.393,41D"
2021/01/15,129093,"ENVIO TED","3.162,14D","60.555,55D"
2021/01/15,129319,"ENVIO TED","749,81D","61.305,36D"
2021/01/15,130138,"ENVIO TED","52.800,00D","114.105,36D"
2021/01/15,130423,"ENVIO TED","19.919,32D","134.024,68D"
2021/01/15,130679,"ENVIO TED","1.000,00D","135.024,68D"
2021/01/15,131029,"ENVIO TED","31.194,00D","166.218,68D"
2021/01/15,131317,"ENVIO TED","316,00D","166.534,68D"
2021/01/15,131813,"ENVIO TED","289,80D","166.824,48D"
2021/01/15,133048,"ENVIO TED","139.878,49D","306.702,97D"
2021/01/15,134148,"ENVIO TED","71.278,08D","377.981,05D"
2021/01/15,135254,"ENVIO TED","12.654,67D","390.635,72D"
2021/01/15,136528,"ENVIO TED","39.672,52D","430.308,24D"
2021/01/15,137446,"ENVIO TED","431.200,00D","861.508,24D"
2021/01/15,138104,"ENVIO TED","11.736,39D","873.244,63D"
2021/01/15,138580,"ENVIO TED","160.015,15D","1.033.259,78D"
2021/01/15,139092,"ENVIO TED","36.846,57D","1.070.106,35D"
2021/01/15,139693,"ENVIO TED","203.064,95D","1.273.171,30D"
2021/01/15,140290,"ENVIO TED","300.000,00D","1.573.171,30D"
2021/01/15,151025,"ENVIO TEV","52.176,77D","1.625.348,07D"
2021/01/15,151025,"ENVIO TEV","32.046,49D","1.657.394,56D"
2021/01/15,151025,"ENVIO TEV","5.102,14D","1.662.496,70D"
2021/01/15,151025,"ENVIO TEV","586.735,40D","2.249.232,10D"
2021/01/15,151025,"ENVIO TEV","14.367,07D","2.263.599,17D"
2021/01/15,727220,"RESG AUTOM",2263599.17,0
2021/01/18,181321,"CRED TEV",160983.85,160983.85
2021/01/18,102225,"ENVIO TED","2.500,00D",158483.85
2021/01/18,117414,"ENVIO TED","13.500,00D",144983.85
2021/01/18,118764,"ENVIO TED","3.148,80D",141835.05
2021/01/18,119189,"ENVIO TED","180,60D",141654.45
2021/01/18,119780,"ENVIO TED","46.200,00D",95454.45
2021/01/18,120365,"ENVIO TED","10.100,00D",85354.45
2021/01/18,122332,"ENVIO TED","4.002,75D",81351.7
2021/01/18,122537,"ENVIO TED","2.045,85D",79305.85
2021/01/18,177785,"ENVIO TED","264.400,00D","185.094,15D"
2021/01/18,178223,"ENVIO TED","259,26D","185.353,41D"
2021/01/18,178720,"ENVIO TED","4.356,00D","189.709,41D"
2021/01/18,179174,"ENVIO TED","1.717,70D","191.427,11D"
2021/01/18,179610,"ENVIO TED","25.935,00D","217.362,11D"
2021/01/18,180095,"ENVIO TED","19.050,00D","236.412,11D"
2021/01/18,180927,"ENVIO TEV","2.117,94D","238.530,05D"
2021/01/18,180927,"ENVIO TEV","3.925,23D","242.455,28D"
2021/01/18,180927,"ENVIO TEV","7.412,79D","249.868,07D"
2021/01/18,180927,"ENVIO TEV","148.015,10D","397.883,17D"
2021/01/18,180927,"ENVIO TEV","23.674,50D","421.557,67D"
2021/01/18,181310,"ENVIO TEV","160.983,85D","582.541,52D"
2021/01/18,727220,"RESG AUTOM",582541.52,0
2021/01/19,1,"CRED TED",146475,146475
2021/01/19,128946,"ENVIO TED","697,00D",145778
2021/01/19,129214,"ENVIO TED","1.000,00D",144778
2021/01/19,990001,"APL AUTOM","144.778,00D",0
2021/01/20,111869,"ENVIO TED","5.838,56D","5.838,56D"
2021/01/20,112121,"ENVIO TED","52.397,52D","58.236,08D"
2021/01/20,112286,"ENVIO TED","1.866,00D","60.102,08D"
2021/01/20,112639,"ENVIO TED","17.050,00D","77.152,08D"
2021/01/20,113227,"ENVIO TED","8.065,50D","85.217,58D"
2021/01/20,175924,"ENVIO TED","11.294,15D","96.511,73D"
2021/01/20,176453,"ENVIO TED","5.184,20D","101.695,93D"
2021/01/20,176717,"ENVIO TED","925,75D","102.621,68D"
2021/01/20,177275,"ENVIO TED","4.999,05D","107.620,73D"
2021/01/20,727220,"RESG AUTOM",107620.73,0
2021/01/21,1,"CRED TED",204243.98,204243.98
2021/01/21,1,"CRED TED",1291.67,205535.65
2021/01/21,141478,"ENVIO TED","155.225,40D",50310.25
2021/01/21,141824,"ENVIO TED","6.225,96D",44084.29
2021/01/21,142780,"ENVIO TED","374,55D",43709.74
2021/01/21,143023,"ENVIO TED","249,70D",43460.04
2021/01/21,143374,"ENVIO TED","6.153,86D",37306.18
2021/01/21,149409,"ENVIO TED","1.873,29D",35432.89
2021/01/21,149971,"ENVIO TED","1.306,04D",34126.85
2021/01/21,990001,"APL AUTOM","34.126,85D",0
2021/01/22,118439,"ENVIO TED","66.121,62D","66.121,62D"
2021/01/22,118603,"ENVIO TED","540,00D","66.661,62D"
2021/01/22,118797,"ENVIO TED","146,88D","66.808,50D"
2021/01/22,119004,"ENVIO TED","134,25D","66.942,75D"
2021/01/22,119175,"ENVIO TED","104,00D","67.046,75D"
2021/01/22,119354,"ENVIO TED","961,20D","68.007,95D"
2021/01/22,119513,"ENVIO TED","240,16D","68.248,11D"
2021/01/22,119672,"ENVIO TED","5,23D","68.253,34D"
2021/01/22,119855,"ENVIO TED","7.021,85D","75.275,19D"
2021/01/22,120264,"ENVIO TED","330,00D","75.605,19D"
2021/01/22,120714,"ENVIO TED","1.989,90D","77.595,09D"
2021/01/22,121031,"ENVIO TED","48.000,00D","125.595,09D"
2021/01/22,143454,"ENVIO TED","768,00D","126.363,09D"
2021/01/22,220936,"ENVIO TEV","3.427,10D","129.790,19D"
2021/01/22,220936,"ENVIO TEV","8.060,27D","137.850,46D"
2021/01/22,220936,"ENVIO TEV","4.281,00D","142.131,46D"
2021/01/22,727220,"RESG AUTOM",142131.46,0
2021/01/25,1,"CRED TED",70703.78,70703.78
2021/01/25,971858,"PG LUZ/GAS","1.559,42D",69144.36
2021/01/25,971860,"PG LUZ/GAS","1.962,15D",67182.21
2021/01/25,120125,"ENVIO TED","225.802,00D","158.619,79D"
2021/01/25,250933,"ENVIO TEV","85.149,00D","243.768,79D"
2021/01/25,250933,"ENVIO TEV","141.792,67D","385.561,46D"
2021/01/25,251328,"ENVIO TEV","78.240,00D","463.801,46D"
2021/01/25,727220,"RESG AUTOM",463801.46,0
2021/01/26,1,"CRED TED",1470,1470
2021/01/26,1,"CRED TED",27930,29400
2021/01/26,1,"CRED TED",70703.78,100103.78
2021/01/26,157610,"ENVIO TED","17.002,51D",83101.27
2021/01/26,157898,"ENVIO TED","5.029,88D",78071.39
2021/01/26,158176,"ENVIO TED","30.547,75D",47523.64
2021/01/26,158428,"ENVIO TED","59.947,91D","12.424,27D"
2021/01/26,158749,"ENVIO TED","429.825,97D","442.250,24D"
2021/01/26,159824,"ENVIO TED","5.423,43D","447.673,67D"
2021/01/26,160074,"ENVIO TED","12.333,56D","460.007,23D"
2021/01/26,261236,"ENVIO TEV","864.000,00D","1.324.007,23D"
2021/01/26,261236,"ENVIO TEV","10.999,70D","1.335.006,93D"
2021/01/26,261236,"ENVIO TEV","18.329,85D","1.353.336,78D"
2021/01/26,261236,"ENVIO TEV","240.000,00D","1.593.336,78D"
2021/01/26,727220,"RESG AUTOM",1593336.78,0
2021/01/27,1,"CRED TED",7500,7500
2021/01/27,1,"CRED TED",129021,136521
2021/01/27,1,"CRED TED",22100,158621
2021/01/27,110436,"ENVIO TED","600,00D",158021
2021/01/27,110583,"ENVIO TED","861,28D",157159.72
2021/01/27,110714,"ENVIO TED","269,20D",156890.52
2021/01/27,111058,"ENVIO TED","26.715,00D",130175.52
2021/01/27,270844,"ENVIO TEV","35.200,00D",94975.52
2021/01/27,990001,"APL AUTOM","94.975,52D",0
2021/01/28,1,"CRED TED",63316,63316
2021/01/28,117584,"ENVIO TED","307.786,25D","244.470,25D"
2021/01/28,117729,"ENVIO TED","300.707,94D","545.178,19D"
2021/01/28,117865,"ENVIO TED","310,00D","545.488,19D"
2021/01/28,280927,"ENVIO TEV","3.387,15D","548.875,34D"
2021/01/28,727220,"RESG AUTOM",548875.34,0
2021/01/29,1,"CRED TED",28944.09,28944.09
2021/01/29,120771,"ENVIO TED","8.130,00D",20814.09
2021/01/29,121131,"ENVIO TED","1.217,00D",19597.09
2021/01/29,134127,"ENVIO TED","286.524,03D","266.926,94D"
2021/01/29,134667,"ENVIO TED","18.785,58D","285.712,52D"
2021/01/29,134972,"ENVIO TED","395,19D","286.107,71D"
2021/01/29,135260,"ENVIO TED","34.645,60D","320.753,31D"
2021/01/29,135835,"ENVIO TED","277,76D","321.031,07D"
2021/01/29,136201,"ENVIO TED","557,04D","321.588,11D"
2021/01/29,136713,"ENVIO TED","19.606,25D","341.194,36D"
2021/01/29,137291,"ENVIO TED","3.184,36D","344.378,72D"
2021/01/29,142680,"ENVIO TED","3.184,36D","347.563,08D"
2021/01/29,143444,"ENVIO TED","3.184,36D","350.747,44D"
2021/01/29,144384,"ENVIO TED","3.184,36D","353.931,80D"
2021/01/29,144636,"ENVIO TED","3.184,36D","357.116,16D"
2021/01/29,145094,"ENVIO TED","36.204,00D","393.320,16D"
2021/01/29,291352,"ENVIO TEV","1.164,90D","394.485,06D"
2021/01/29,727220,"RESG AUTOM",394485.06,0
2021/01/31,-,"SALDO FINAL",-,0
"                         Caixa Econômica Federal",,,,
"                              GovConta Caixa",,,,
"                     Extrato das Contas Individuais",,,,
,,,,
"Conta de Referência..: 0316/006/00624053-1 FUNDO MUNICIPAL DE SAUDE        ",,,,
"Data de Solicitação..: 13/05/2021 05:27:19 PM",,,,
"Data de Referência...: 01/02/2021 - 28/02/2021",,,,
,,,,
"Data Mov",Nr.Doc,Histórico,"Valor (R$)","Saldo (R$)"
2021/02/01,-,"SALDO ANTERIOR",-,0
2021/02/01,121441,"ENVIO TED","15.791,39D","15.791,39D"
2021/02/01,122175,"ENVIO TED","175.000,00D","190.791,39D"
2021/02/01,122680,"ENVIO TED","387,10D","191.178,49D"
2021/02/01,122960,"ENVIO TED","3.977,00D","195.155,49D"
2021/02/01,123220,"ENVIO TED","2.276,58D","197.432,07D"
2021/02/01,123559,"ENVIO TED","509,58D","197.941,65D"
2021/02/01,123884,"ENVIO TED","2.369,58D","200.311,23D"
2021/02/01,124146,"ENVIO TED","1.160,00D","201.471,23D"
2021/02/01,124397,"ENVIO TED","1.838,74D","203.309,97D"
2021/02/01,124621,"ENVIO TED","749,81D","204.059,78D"
2021/02/01,127890,"ENVIO TED","3.558,75D","207.618,53D"
2021/02/01,186769,"ENVIO TED","4.598,00D","212.216,53D"
2021/02/01,727220,"RESG AUTOM",212216.53,0
2021/02/02,1,"CRED TED",146475,146475
2021/02/02,1,"CRED TED",204243.98,350718.98
2021/02/02,1,"CRED TED",30922.5,381641.48
2021/02/02,1,"CRED TED",28944.09,410585.57
2021/02/02,1,"CRED TED",1627.5,412213.07
2021/02/02,21447,"ENVIO TEV","4.904,56D",407308.51
2021/02/02,21548,"ENVIO TEV","28.636,00D",378672.51
2021/02/02,116307,"ENVIO TED","186.067,00D",192605.51
2021/02/02,145319,"ENVIO TED","200.904,00D","8.298,49D"
2021/02/02,145718,"ENVIO TED","500.000,00D","508.298,49D"
2021/02/02,146073,"ENVIO TED","393.203,67D","901.502,16D"
2021/02/02,727220,"RESG AUTOM",901502.16,0
2021/02/03,1,"CRED TED",8784082.69,8784082.69
2021/02/03,31048,"ENVIO TEV","78.240,00D",8705842.69
2021/02/03,31048,"ENVIO TEV","198.681,00D",8507161.69
2021/02/03,31048,"ENVIO TEV","488.553,97D",8018607.72
2021/02/03,31048,"ENVIO TEV","150.000,00D",7868607.72
2021/02/03,31432,"ENVIO TEV","2.213.990,00D",5654617.72
2021/02/03,133882,"ENVIO TED","53.000,00D",5601617.72
2021/02/03,136318,"ENVIO TED","139.955,44D",5461662.28
2021/02/03,136542,"ENVIO TED","17.925,90D",5443736.38
2021/02/03,136754,"ENVIO TED","6.450,60D",5437285.78
2021/02/03,136939,"ENVIO TED","9.156,90D",5428128.88
2021/02/03,137124,"ENVIO TED","1.950,00D",5426178.88
2021/02/03,139035,"ENVIO TED","9.600,00D",5416578.88
2021/02/03,139291,"ENVIO TED","5.060,00D",5411518.88
2021/02/03,139537,"ENVIO TED","1.750,00D",5409768.88
2021/02/03,139772,"ENVIO TED","875,00D",5408893.88
2021/02/03,140011,"ENVIO TED","13.640,00D",5395253.88
2021/02/03,140239,"ENVIO TED","14.399,10D",5380854.78
2021/02/03,140497,"ENVIO TED","4.799,70D",5376055.08
2021/02/03,140717,"ENVIO TED","287,22D",5375767.86
2021/02/03,140901,"ENVIO TED","287,24D",5375480.62
2021/02/03,142157,"ENVIO TED","13.636,06D",5361844.56
2021/02/03,142519,"ENVIO TED","19.051,87D",5342792.69
2021/02/03,164481,"ENVIO TED","2.568,80D",5340223.89
2021/02/03,164833,"ENVIO TED","16.048,70D",5324175.19
2021/02/03,990001,"APL AUTOM","5.324.175,19D",0
2021/02/05,1,"CRED TED",861130.56,861130.56
2021/02/05,1,"CRED TED",131124.75,992255.31
2021/02/05,1,"CRED TED",7500,999755.31
2021/02/05,1,"CRED TED",223200,1222955.31
2021/02/05,127634,"DEVOL TED",540,1223495.31
2021/02/05,50858,"ENVIO TEV","594.462,13D",629033.18
2021/02/05,50858,"ENVIO TEV","5.826,00D",623207.18
2021/02/05,50858,"ENVIO TEV","38.750,00D",584457.18
2021/02/05,51025,"ENVIO TEV","4.266,00D",580191.18
2021/02/05,105111,"ENVIO TED","9.482,36D",570708.82
2021/02/05,123781,"ENVIO TED","249,17D",570459.65
2021/02/05,124740,"ENVIO TED","20.309,76D",550149.89
2021/02/05,125036,"ENVIO TED","2.400,00D",547749.89
2021/02/05,125360,"ENVIO TED","1.033,00D",546716.89
2021/02/05,125741,"ENVIO TED","3.168,57D",543548.32
2021/02/05,126337,"ENVIO TED","850,00D",542698.32
2021/02/05,126699,"ENVIO TED","623,70D",542074.62
2021/02/05,127029,"ENVIO TED","429,00D",541645.62
2021/02/05,127634,"ENVIO TED","540,00D",541105.62
2021/02/05,129736,"ENVIO TED","646,50D",540459.12
2021/02/05,130066,"ENVIO TED","20,30D",540438.82
2021/02/05,130560,"ENVIO TED","5.549,38D",534889.44
2021/02/05,130971,"ENVIO TED","2.187,66D",532701.78
2021/02/05,132342,"ENVIO TED","500.000,00D",32701.78
2021/02/05,133009,"ENVIO TED","240.200,00D","207.498,22D"
2021/02/05,133573,"ENVIO TED","160.015,15D","367.513,37D"
2021/02/05,134435,"ENVIO TED","431.200,00D","798.713,37D"
2021/02/05,135300,"ENVIO TED","39.672,52D","838.385,89D"
2021/02/05,136036,"ENVIO TED","12.654,67D","851.040,56D"
2021/02/05,141754,"ENVIO TED","71.278,08D","922.318,64D"
2021/02/05,142220,"ENVIO TED","36.846,57D","959.165,21D"
2021/02/05,142728,"ENVIO TED","139.878,49D","1.099.043,70D"
2021/02/05,143261,"ENVIO TED","155.225,40D","1.254.269,10D"
2021/02/05,143737,"ENVIO TED","11.736,39D","1.266.005,49D"
2021/02/05,146823,"ENVIO TED","13.100,00D","1.279.105,49D"
2021/02/05,147305,"ENVIO TED","12.560,50D","1.291.665,99D"
2021/02/05,147617,"ENVIO TED","12.560,50D","1.304.226,49D"
2021/02/05,147922,"ENVIO TED","25.000,00D","1.329.226,49D"
2021/02/05,148346,"ENVIO TED","8.317,00D","1.337.543,49D"
2021/02/05,148793,"ENVIO TED","6.655,92D","1.344.199,41D"
2021/02/05,149291,"ENVIO TED","8.961,10D","1.353.160,51D"
2021/02/05,149672,"ENVIO TED","1.650,00D","1.354.810,51D"
2021/02/05,151247,"ENVIO TED","7.756,86D","1.362.567,37D"
2021/02/05,151674,"ENVIO TED","9.975,85D","1.372.543,22D"
2021/02/05,152117,"ENVIO TED","5.132,36D","1.377.675,58D"
2021/02/05,154815,"ENVIO TED","48.955,91D","1.426.631,49D"
2021/02/05,727220,"RESG AUTOM",1426631.49,0
2021/02/08,1,"CRED TED",20960.49,20960.49
2021/02/08,990001,"APL AUTOM","20.960,49D",0
2021/02/09,90959,"ENVIO TEV","998.467,67D","998.467,67D"
2021/02/09,90959,"ENVIO TEV","23.674,50D","1.022.142,17D"
2021/02/09,90959,"ENVIO TEV","148.015,10D","1.170.157,27D"
2021/02/09,90959,"ENVIO TEV","88.595,17D","1.258.752,44D"
2021/02/09,91359,"ENVIO TEV","1.088,00D","1.259.840,44D"
2021/02/09,124029,"ENVIO TED","7.263,14D","1.267.103,58D"
2021/02/09,127404,"ENVIO TED","1.175,00D","1.268.278,58D"
2021/02/09,127766,"ENVIO TED","26.514,90D","1.294.793,48D"
2021/02/09,127983,"ENVIO TED","1.227,60D","1.296.021,08D"
2021/02/09,128239,"ENVIO TED","2.109,87D","1.298.130,95D"
2021/02/09,128544,"ENVIO TED","212,93D","1.298.343,88D"
2021/02/09,128785,"ENVIO TED","1.960,00D","1.300.303,88D"
2021/02/09,128995,"ENVIO TED","600,00D","1.300.903,88D"
2021/02/09,129559,"ENVIO TED","168,08D","1.301.071,96D"
2021/02/09,130106,"ENVIO TED","520,00D","1.301.591,96D"
2021/02/09,130516,"ENVIO TED","7.177,44D","1.308.769,40D"
2021/02/09,130978,"ENVIO TED","2.901,38D","1.311.670,78D"
2021/02/09,131265,"ENVIO TED","8.535,57D","1.320.206,35D"
2021/02/09,131489,"ENVIO TED","435,00D","1.320.641,35D"
2021/02/09,131763,"ENVIO TED","840,00D","1.321.481,35D"
2021/02/09,132015,"ENVIO TED","3.408,22D","1.324.889,57D"
2021/02/09,132542,"ENVIO TED","372,88D","1.325.262,45D"
2021/02/09,727220,"RESG AUTOM",1325262.45,0
2021/02/10,1,"CRED TED",70703.78,70703.78
2021/02/10,990001,"APL AUTOM","70.703,78D",0
2021/02/11,1,"CRED TED",207735.32,207735.32
2021/02/11,1,"CRED TED",135471,343206.32
2021/02/11,1,"CRED TED",8500,351706.32
2021/02/11,100469,"ENVIO TED","175.000,00D",176706.32
2021/02/11,101070,"ENVIO TED","405.411,80D","228.705,48D"
2021/02/11,111004,"ENVIO TEV","17.992,00D","246.697,48D"
2021/02/11,111004,"ENVIO TEV","6,60D","246.704,08D"
2021/02/11,111004,"ENVIO TEV","711,15D","247.415,23D"
2021/02/11,111004,"ENVIO TEV","940,00D","248.355,23D"
2021/02/11,111004,"ENVIO TEV","1.100,00D","249.455,23D"
2021/02/11,111450,"ENVIO TEV","586.735,40D","836.190,63D"
2021/02/11,121447,"ENVIO TED","11.294,15D","847.484,78D"
2021/02/11,121656,"ENVIO TED","7.776,30D","855.261,08D"
2021/02/11,121835,"ENVIO TED","16.250,00D","871.511,08D"
2021/02/11,122019,"ENVIO TED","1.810,00D","873.321,08D"
2021/02/11,122173,"ENVIO TED","1.932,50D","875.253,58D"
2021/02/11,122369,"ENVIO TED","1.960,24D","877.213,82D"
2021/02/11,122552,"ENVIO TED","2.132,49D","879.346,31D"
2021/02/11,122739,"ENVIO TED","3.646,24D","882.992,55D"
2021/02/11,123013,"ENVIO TED","2.872,00D","885.864,55D"
2021/02/11,123489,"ENVIO TED","771,28D","886.635,83D"
2021/02/11,123767,"ENVIO TED","210,00D","886.845,83D"
2021/02/11,124012,"ENVIO TED","815,67D","887.661,50D"
2021/02/11,124197,"ENVIO TED","364,50D","888.026,00D"
2021/02/11,124378,"ENVIO TED","87,50D","888.113,50D"
2021/02/11,124566,"ENVIO TED","25.995,00D","914.108,50D"
2021/02/11,125111,"ENVIO TED","1.945,00D","916.053,50D"
2021/02/11,126829,"ENVIO TED","5.835,00D","921.888,50D"
2021/02/11,127280,"ENVIO TED","21.668,00D","943.556,50D"
2021/02/11,128700,"ENVIO TED","28.800,00D","972.356,50D"
2021/02/11,128917,"ENVIO TED","7.136,00D","979.492,50D"
2021/02/11,129099,"ENVIO TED","18.700,00D","998.192,50D"
2021/02/11,129333,"ENVIO TED","455,00D","998.647,50D"
2021/02/11,146036,"ENVIO TED","8.105,00D","1.006.752,50D"
2021/02/11,146359,"ENVIO TED","7.268,00D","1.014.020,50D"
2021/02/11,727220,"RESG AUTOM",1014020.5,0
2021/02/12,129773,"ENVIO TED","52.397,52D","52.397,52D"
2021/02/12,727220,"RESG AUTOM",52397.52,0
2021/02/17,959776,"PAG BOLETO","5.859,00D","5.859,00D"
2021/02/17,105406,"ENVIO TED","2.609,41D","8.468,41D"
2021/02/17,135049,"ENVIO TED","5.980,00D","14.448,41D"
2021/02/17,135440,"ENVIO TED","4.500,00D","18.948,41D"
2021/02/17,136556,"ENVIO TED","2.975,00D","21.923,41D"
2021/02/17,137186,"ENVIO TED","370,81D","22.294,22D"
2021/02/17,138095,"ENVIO TED","5.326,23D","27.620,45D"
2021/02/17,138450,"ENVIO TED","1.115,59D","28.736,04D"
2021/02/17,143505,"ENVIO TED","712,00D","29.448,04D"
2021/02/17,171007,"ENVIO TEV","52.176,77D","81.624,81D"
2021/02/17,727220,"RESG AUTOM",81624.81,0
2021/02/19,210219,"EST DB TED",3092,3092
2021/02/19,97854,"PAG BOLETO","600,00D",2492
2021/02/19,97913,"PAG BOLETO","420,00D",2072
2021/02/19,100726,"ENVIO TED","3.580,00D","1.508,00D"
2021/02/19,101355,"ENVIO TED","1.440,00D","2.948,00D"
2021/02/19,102107,"ENVIO TED","5.720,00D","8.668,00D"
2021/02/19,109849,"ENVIO TED","59.020,71D","67.688,71D"
2021/02/19,111183,"ENVIO TED","23.902,80D","91.591,51D"
2021/02/19,111314,"ENVIO TED","404,99D","91.996,50D"
2021/02/19,111866,"ENVIO TED","8.318,40D","100.314,90D"
2021/02/19,112054,"ENVIO TED","4.752,00D","105.066,90D"
2021/02/19,112965,"ENVIO TED","11.033,75D","116.100,65D"
2021/02/19,113132,"ENVIO TED","3.056,08D","119.156,73D"
2021/02/19,113347,"ENVIO TED","90,30D","119.247,03D"
2021/02/19,113576,"ENVIO TED","1.330,00D","120.577,03D"
2021/02/19,113794,"ENVIO TED","693,00D","121.270,03D"
2021/02/19,113968,"ENVIO TED","538,00D","121.808,03D"
2021/02/19,114149,"ENVIO TED","957,00D","122.765,03D"
2021/02/19,114346,"ENVIO TED","3.092,00D","125.857,03D"
2021/02/19,114773,"ENVIO TED","3.092,00D","128.949,03D"
2021/02/19,115089,"ENVIO TED","4.480,00D","133.429,03D"
2021/02/19,115359,"ENVIO TED","7.187,16D","140.616,19D"
2021/02/19,115986,"ENVIO TED","6.778,11D","147.394,30D"
2021/02/19,116221,"ENVIO TED","1.824,00D","149.218,30D"
2021/02/19,116414,"ENVIO TED","7.278,60D","156.496,90D"
2021/02/19,116638,"ENVIO TED","2.888,43D","159.385,33D"
2021/02/19,116839,"ENVIO TED","1.547,00D","160.932,33D"
2021/02/19,117043,"ENVIO TED","1.305,00D","162.237,33D"
2021/02/19,117271,"ENVIO TED","2.175,00D","164.412,33D"
2021/02/19,117500,"ENVIO TED","635,88D","165.048,21D"
2021/02/19,119636,"ENVIO TED","405,00D","165.453,21D"
2021/02/19,120105,"ENVIO TED","5.883,30D","171.336,51D"
2021/02/19,121334,"ENVIO TED","1.945,00D","173.281,51D"
2021/02/19,121654,"ENVIO TED","9.900,00D","183.181,51D"
2021/02/19,190920,"ENVIO TEV","3.910,00D","187.091,51D"
2021/02/19,190921,"ENVIO TEV","1.840,00D","188.931,51D"
2021/02/19,190921,"ENVIO TEV","24.930,00D","213.861,51D"
2021/02/19,190921,"ENVIO TEV","2.708,92D","216.570,43D"
2021/02/19,190921,"ENVIO TEV","1.104.000,00D","1.320.570,43D"
2021/02/19,727220,"RESG AUTOM",1320570.43,0
2021/02/22,1,"CRED TED",768,768
2021/02/22,990001,"APL AUTOM","768,00D",0
2021/02/23,1,"CRED TED",19919.52,19919.52
2021/02/23,130018,"ENVIO TED","11.472,00D",8447.52
2021/02/23,130233,"ENVIO TED","9.276,00D","828,48D"
2021/02/23,130433,"ENVIO TED","14.231,57D","15.060,05D"
2021/02/23,130663,"ENVIO TED","1.945,00D","17.005,05D"
2021/02/23,130876,"ENVIO TED","238,00D","17.243,05D"
2021/02/23,131059,"ENVIO TED","1.100,00D","18.343,05D"
2021/02/23,131244,"ENVIO TED","1.100,00D","19.443,05D"
2021/02/23,131458,"ENVIO TED","792,00D","20.235,05D"
2021/02/23,131648,"ENVIO TED","137,61D","20.372,66D"
2021/02/23,131853,"ENVIO TED","4.511,00D","24.883,66D"
2021/02/23,132126,"ENVIO TED","2.898,00D","27.781,66D"
2021/02/23,132354,"ENVIO TED","600,00D","28.381,66D"
2021/02/23,132563,"ENVIO TED","96,49D","28.478,15D"
2021/02/23,132843,"ENVIO TED","2.369,58D","30.847,73D"
2021/02/23,133118,"ENVIO TED","509,58D","31.357,31D"
2021/02/23,133373,"ENVIO TED","1.838,74D","33.196,05D"
2021/02/23,133569,"ENVIO TED","990,00D","34.186,05D"
2021/02/23,133814,"ENVIO TED","3.560,31D","37.746,36D"
2021/02/23,134208,"ENVIO TED","3.162,33D","40.908,69D"
2021/02/23,231038,"ENVIO TEV","3.606,90D","44.515,59D"
2021/02/23,727220,"RESG AUTOM",44515.59,0
2021/02/24,144715,"ENVIO TED","3.092,00D","3.092,00D"
2021/02/24,727220,"RESG AUTOM",3092,0
2021/02/25,125202,"ENVIO TED","188.134,79D","188.134,79D"
2021/02/25,125444,"ENVIO TED","45.054,02D","233.188,81D"
2021/02/25,125727,"ENVIO TED","5.029,88D","238.218,69D"
2021/02/25,126126,"ENVIO TED","12.997,14D","251.215,83D"
2021/02/25,126454,"ENVIO TED","15.791,39D","267.007,22D"
2021/02/25,126788,"ENVIO TED","5.423,43D","272.430,65D"
2021/02/25,127123,"ENVIO TED","59.947,92D","332.378,57D"
2021/02/25,127466,"ENVIO TED","17.002,51D","349.381,08D"
2021/02/25,128343,"ENVIO TED","30.547,75D","379.928,83D"
2021/02/25,128693,"ENVIO TED","383.639,70D","763.568,53D"
2021/02/25,129625,"ENVIO TED","3.184,36D","766.752,89D"
2021/02/25,129889,"ENVIO TED","3.184,36D","769.937,25D"
2021/02/25,130274,"ENVIO TED","3.184,36D","773.121,61D"
2021/02/25,130541,"ENVIO TED","3.184,36D","776.305,97D"
2021/02/25,130821,"ENVIO TED","3.184,36D","779.490,33D"
2021/02/25,131124,"ENVIO TED","650,00D","780.140,33D"
2021/02/25,132057,"ENVIO TED","13.134,00D","793.274,33D"
2021/02/25,132259,"ENVIO TED","276,36D","793.550,69D"
2021/02/25,132859,"ENVIO TED","519,36D","794.070,05D"
2021/02/25,133118,"ENVIO TED","115,00D","794.185,05D"
2021/02/25,133544,"ENVIO TED","5.000,00D","799.185,05D"
2021/02/25,133805,"ENVIO TED","4.570,90D","803.755,95D"
2021/02/25,134086,"ENVIO TED","3.825,36D","807.581,31D"
2021/02/25,134465,"ENVIO TED","19.351,00D","826.932,31D"
2021/02/25,135278,"ENVIO TED","51.750,00D","878.682,31D"
2021/02/25,135507,"ENVIO TED","749,00D","879.431,31D"
2021/02/25,135711,"ENVIO TED","480,60D","879.911,91D"
2021/02/25,135988,"ENVIO TED","148,50D","880.060,41D"
2021/02/25,136374,"ENVIO TED","4.931,00D","884.991,41D"
2021/02/25,136561,"ENVIO TED","1.455,00D","886.446,41D"
2021/02/25,137040,"ENVIO TED","14.054,40D","900.500,81D"
2021/02/25,137247,"ENVIO TED","452,00D","900.952,81D"
2021/02/25,137515,"ENVIO TED","1.012,00D","901.964,81D"
2021/02/25,137755,"ENVIO TED","530,64D","902.495,45D"
2021/02/25,138369,"ENVIO TED","2.028,00D","904.523,45D"
2021/02/25,138733,"ENVIO TED","685,00D","905.208,45D"
2021/02/25,139029,"ENVIO TED","25.995,00D","931.203,45D"
2021/02/25,152492,"ENVIO TED","540,00D","931.743,45D"
2021/02/25,153048,"ENVIO TED","22.698,00D","954.441,45D"
2021/02/25,153947,"ENVIO TED","61.740,00D","1.016.181,45D"
2021/02/25,154287,"ENVIO TED","4.520,00D","1.020.701,45D"
2021/02/25,251109,"ENVIO TEV","85.149,00D","1.105.850,45D"
2021/02/25,251109,"ENVIO TEV","46.184,19D","1.152.034,64D"
2021/02/25,251109,"ENVIO TEV","10.999,84D","1.163.034,48D"
2021/02/25,727220,"RESG AUTOM",1163034.48,0
2021/02/26,123386,"ENVIO TED","225.802,00D","225.802,00D"
2021/02/26,727220,"RESG AUTOM",225802,0
2021/02/28,-,"SALDO FINAL",-,0
"                         Caixa Econômica Federal",,,,
"                              GovConta Caixa",,,,
"                     Extrato das Contas Individuais",,,,
,,,,
"Conta de Referência..: 0316/006/00624053-1 FUNDO MUNICIPAL DE SAUDE        ",,,,
"Data de Solicitação..: 13/05/2021 05:27:43 PM",,,,
"Data de Referência...: 01/03/2021 - 31/03/2021",,,,
,,,,
"Data Mov",Nr.Doc,Histórico,"Valor (R$)","Saldo (R$)"
2021/03/01,-,"SALDO ANTERIOR",-,0
2021/03/02,1,"CRED TED",21150.3,21150.3
2021/03/02,1,"CRED TED",21150.3,42300.6
2021/03/02,1,"CRED TED",30922.5,73223.1
2021/03/02,20859,"ENVIO TEV","1.620,40D",71602.7
2021/03/02,135588,"ENVIO TED","12.100,00D",59502.7
2021/03/02,135946,"ENVIO TED","355,00D",59147.7
2021/03/02,136480,"ENVIO TED","8.275,44D",50872.26
2021/03/02,136874,"ENVIO TED","8.236,19D",42636.07
2021/03/02,138053,"ENVIO TED","568,85D",42067.22
2021/03/02,139662,"ENVIO TED","1.526,22D",40541
2021/03/02,177958,"ENVIO TED","500.000,00D","459.459,00D"
2021/03/02,178252,"ENVIO TED","305.328,06D","764.787,06D"
2021/03/02,727220,"RESG AUTOM",764787.06,0
2021/03/03,1,"CRED TED",8784082.69,8784082.69
2021/03/03,1,"CRED TED",28944.09,8813026.78
2021/03/03,1,"CRED TED",1627.5,8814654.28
2021/03/03,1,"CRED TED",146475,8961129.28
2021/03/03,276128,"PAG BOLETO","2.960,00D",8958169.28
2021/03/03,31040,"ENVIO TEV","1.480,06D",8956689.22
2021/03/03,31040,"ENVIO TEV","78.240,00D",8878449.22
2021/03/03,31040,"ENVIO TEV","3.051,00D",8875398.22
2021/03/03,31040,"ENVIO TEV","2.213.990,00D",6661408.22
2021/03/03,31040,"ENVIO TEV","198.681,00D",6462727.22
2021/03/03,31040,"ENVIO TEV","150.000,00D",6312727.22
2021/03/03,31040,"ENVIO TEV","4.286,36D",6308440.86
2021/03/03,131848,"ENVIO TED","8.210,97D",6300229.89
2021/03/03,134674,"ENVIO TED","12,90D",6300216.99
2021/03/03,135536,"ENVIO TED","9.120,00D",6291096.99
2021/03/03,135798,"ENVIO TED","5.328,00D",6285768.99
2021/03/03,136000,"ENVIO TED","2.715,92D",6283053.07
2021/03/03,136203,"ENVIO TED","16.232,80D",6266820.27
2021/03/03,136454,"ENVIO TED","8.738,40D",6258081.87
2021/03/03,136706,"ENVIO TED","3.620,45D",6254461.42
2021/03/03,137027,"ENVIO TED","2.730,00D",6251731.42
2021/03/03,137356,"ENVIO TED","875,00D",6250856.42
2021/03/03,137660,"ENVIO TED","28.999,44D",6221856.98
2021/03/03,137883,"ENVIO TED","395,19D",6221461.79
2021/03/03,139887,"ENVIO TED","1.399,92D",6220061.87
2021/03/03,140326,"ENVIO TED","380,00D",6219681.87
2021/03/03,140594,"ENVIO TED","670,19D",6219011.68
2021/03/03,183444,"ENVIO TED","527,20D",6218484.48
2021/03/03,189462,"ENVIO TED","32.242,58D",6186241.9
2021/03/03,190100,"ENVIO TED","54.000,00D",6132241.9
2021/03/03,190454,"ENVIO TED","147.560,00D",5984681.9
2021/03/03,990001,"APL AUTOM","5.984.681,90D",0
2021/03/04,41046,"ENVIO TEV","615.519,99D","615.519,99D"
2021/03/04,41336,"ENVIO TEV","16.991,86D","632.511,85D"
2021/03/04,41336,"ENVIO TEV","32.046,51D","664.558,36D"
2021/03/04,41336,"ENVIO TEV","5.939,83D","670.498,19D"
2021/03/04,727220,"RESG AUTOM",670498.19,0
2021/03/05,51031,"ENVIO TEV","8.310,00D","8.310,00D"
2021/03/05,51031,"ENVIO TEV","1.087.062,84D","1.095.372,84D"
2021/03/05,122874,"ENVIO TED","100.452,00D","1.195.824,84D"
2021/03/05,123302,"ENVIO TED","225.802,00D","1.421.626,84D"
2021/03/05,124350,"ENVIO TED","431.200,00D","1.852.826,84D"
2021/03/05,124692,"ENVIO TED","333.400,00D","2.186.226,84D"
2021/03/05,125074,"ENVIO TED","293.000,00D","2.479.226,84D"
2021/03/05,125342,"ENVIO TED","160.015,15D","2.639.241,99D"
2021/03/05,125620,"ENVIO TED","139.954,05D","2.779.196,04D"
2021/03/05,126122,"ENVIO TED","11.736,39D","2.790.932,43D"
2021/03/05,126889,"ENVIO TED","139.878,49D","2.930.810,92D"
2021/03/05,127249,"ENVIO TED","39.672,52D","2.970.483,44D"
2021/03/05,129304,"ENVIO TED","36.846,57D","3.007.330,01D"
2021/03/05,129613,"ENVIO TED","71.278,08D","3.078.608,09D"
2021/03/05,130002,"ENVIO TED","602,60D","3.079.210,69D"
2021/03/05,130329,"ENVIO TED","12.052,07D","3.091.262,76D"
2021/03/05,130742,"ENVIO TED","155.225,40D","3.246.488,16D"
2021/03/05,133662,"ENVIO TED","1.919,50D","3.248.407,66D"
2021/03/05,134839,"ENVIO TED","144,00D","3.248.551,66D"
2021/03/05,135247,"ENVIO TED","46.550,00D","3.295.101,66D"
2021/03/05,135565,"ENVIO TED","112.298,40D","3.407.400,06D"
2021/03/05,135721,"ENVIO TED","428,00D","3.407.828,06D"
2021/03/05,136045,"ENVIO TED","280,40D","3.408.108,46D"
2021/03/05,136267,"ENVIO TED","1.098,93D","3.409.207,39D"
2021/03/05,136447,"ENVIO TED","5.633,17D","3.414.840,56D"
2021/03/05,136634,"ENVIO TED","9.788,24D","3.424.628,80D"
2021/03/05,136860,"ENVIO TED","52.018,68D","3.476.647,48D"
2021/03/05,137013,"ENVIO TED","21.771,76D","3.498.419,24D"
2021/03/05,137111,"ENVIO TED","8.317,00D","3.506.736,24D"
2021/03/05,137248,"ENVIO TED","6.655,92D","3.513.392,16D"
2021/03/05,137362,"ENVIO TED","8.961,10D","3.522.353,26D"
2021/03/05,137475,"ENVIO TED","1.650,00D","3.524.003,26D"
2021/03/05,137677,"ENVIO TED","9.482,36D","3.533.485,62D"
2021/03/05,137795,"ENVIO TED","7.756,86D","3.541.242,48D"
2021/03/05,138597,"ENVIO TED","9.975,85D","3.551.218,33D"
2021/03/05,138713,"ENVIO TED","13.100,00D","3.564.318,33D"
2021/03/05,138798,"ENVIO TED","25.000,00D","3.589.318,33D"
2021/03/05,138900,"ENVIO TED","5.132,36D","3.594.450,69D"
2021/03/05,139017,"ENVIO TED","12.560,50D","3.607.011,19D"
2021/03/05,139153,"ENVIO TED","12.560,50D","3.619.571,69D"
2021/03/05,727220,"RESG AUTOM",3619571.69,0
2021/03/08,1,"CRED TED",70703.78,70703.78
2021/03/08,1,"CRED TED",1089570.75,1160274.53
2021/03/08,1,"CRED TED",189100,1349374.53
2021/03/08,1,"CRED TED",144341.75,1493716.28
2021/03/08,1,"CRED TED",204243.98,1697960.26
2021/03/08,990001,"APL AUTOM","1.697.960,26D",0
2021/03/09,1,"CRED TED",140067.5,140067.5
2021/03/09,91140,"ENVIO TEV","52.176,77D",87890.73
2021/03/09,127706,"ENVIO TED","2.240,00D",85650.73
2021/03/09,127946,"ENVIO TED","2.336,40D",83314.33
2021/03/09,128768,"ENVIO TED","7.177,44D",76136.89
2021/03/09,990001,"APL AUTOM","76.136,89D",0
2021/03/10,1,"CRED TED",7500,7500
2021/03/10,1,"CRED TED",20960.49,28460.49
2021/03/10,990001,"APL AUTOM","28.460,49D",0
2021/03/11,1,"CRED TED",720000,720000
2021/03/11,111118,"ENVIO TEV","32.046,51D",687953.49
2021/03/11,111118,"ENVIO TEV","16.991,86D",670961.63
2021/03/11,142199,"ENVIO TED","16.232,05D",654729.58
2021/03/11,143003,"ENVIO TED","7.263,14D",647466.44
2021/03/11,143233,"ENVIO TED","11.294,15D",636172.29
2021/03/11,143565,"ENVIO TED","3.168,57D",633003.72
2021/03/11,990001,"APL AUTOM","633.003,72D",0
2021/03/12,116651,"ENVIO TED","175.000,00D","175.000,00D"
2021/03/12,116840,"ENVIO TED","345.140,60D","520.140,60D"
2021/03/12,120910,"ENVIO TEV","488.553,97D","1.008.694,57D"
2021/03/12,120917,"ENVIO TEV","148.015,10D","1.156.709,67D"
2021/03/12,121339,"ENVIO TEV","23.674,50D","1.180.384,17D"
2021/03/12,727220,"RESG AUTOM",1180384.17,0
2021/03/15,1,"CRED TED",672,672
2021/03/15,135458,"ENVIO TED","1.058,74D","386,74D"
2021/03/15,151052,"ENVIO TEV","586.735,40D","587.122,14D"
2021/03/15,727220,"RESG AUTOM",587122.14,0
2021/03/16,1,"CRED TED",240000,240000
2021/03/16,990001,"APL AUTOM","240.000,00D",0
2021/03/17,121579,"ENVIO TED","1.180,00D","1.180,00D"
2021/03/17,121746,"ENVIO TED","2.000,00D","3.180,00D"
2021/03/17,727220,"RESG AUTOM",3180,0
2021/03/18,1,"CRED TED",8142.26,8142.26
2021/03/18,181010,"ENVIO TEV","624.000,00D","615.857,74D"
2021/03/18,727220,"RESG AUTOM",615857.74,0
2021/03/19,87472,"PAG BOLETO","4.295,98D","4.295,98D"
2021/03/19,113575,"ENVIO TED","474,00D","4.769,98D"
2021/03/19,115787,"ENVIO TED","5.170,55D","9.940,53D"
2021/03/19,116195,"ENVIO TED","81,27D","10.021,80D"
2021/03/19,116327,"ENVIO TED","3.560,31D","13.582,11D"
2021/03/19,116471,"ENVIO TED","5.238,00D","18.820,11D"
2021/03/19,116855,"ENVIO TED","78.845,14D","97.665,25D"
2021/03/19,156189,"ENVIO TED","4.905,00D","102.570,25D"
2021/03/19,727220,"RESG AUTOM",102570.25,0
2021/03/22,123433,"ENVIO TED","34.342,50D","34.342,50D"
2021/03/22,727220,"RESG AUTOM",34342.5,0
2021/03/23,116450,"ENVIO TED","91.814,53D","91.814,53D"
2021/03/23,116652,"ENVIO TED","6.778,11D","98.592,64D"
2021/03/23,116939,"ENVIO TED","499,00D","99.091,64D"
2021/03/23,230933,"ENVIO TEV","4.247,30D","103.338,94D"
2021/03/23,727220,"RESG AUTOM",103338.94,0
2021/03/24,1,"CRED TED",240000,240000
2021/03/24,990001,"APL AUTOM","240.000,00D",0
2021/03/25,1,"CRED TED",1392000,1392000
2021/03/25,1,"CRED TED",1008,1393008
2021/03/25,1,"CRED TED",17649.04,1410657.04
2021/03/25,1,"CRED TED",7768.63,1418425.67
2021/03/25,174047,"ENVIO TED","7.177,44D",1411248.23
2021/03/25,174235,"ENVIO TED","116,50D",1411131.73
2021/03/25,174741,"ENVIO TED","61.754,00D",1349377.73
2021/03/25,175307,"ENVIO TED","15.791,39D",1333586.34
2021/03/25,175575,"ENVIO TED","5.423,43D",1328162.91
2021/03/25,175892,"ENVIO TED","30.547,75D",1297615.16
2021/03/25,176234,"ENVIO TED","59.947,92D",1237667.24
2021/03/25,176560,"ENVIO TED","407.323,72D",830343.52
2021/03/25,251522,"ENVIO TEV","10.999,86D",819343.66
2021/03/25,251522,"ENVIO TEV","2.524,60D",816819.06
2021/03/25,990001,"APL AUTOM","816.819,06D",0
2021/03/29,118908,"ENVIO TED","26.480,00D","26.480,00D"
2021/03/29,119343,"ENVIO TED","74.886,99D","101.366,99D"
2021/03/29,119607,"ENVIO TED","5.029,88D","106.396,87D"
2021/03/29,119918,"ENVIO TED","15.400,52D","121.797,39D"
2021/03/29,120840,"ENVIO TED","17.002,51D","138.799,90D"
2021/03/29,121191,"ENVIO TED","28.191,58D","166.991,48D"
2021/03/29,291009,"ENVIO TEV","45.001,32D","211.992,80D"
2021/03/29,291009,"ENVIO TEV","85.149,00D","297.141,80D"
2021/03/29,727220,"RESG AUTOM",297141.8,0
2021/03/31,257287,"PAG BOLETO","550,00D","550,00D"
2021/03/31,128764,"ENVIO TED","5.445,49D","5.995,49D"
2021/03/31,129671,"ENVIO TED","475.648,65D","481.644,14D"
2021/03/31,130020,"ENVIO TED","400.000,00D","881.644,14D"
2021/03/31,131042,"ENVIO TED","670,19D","882.314,33D"
2021/03/31,131210,"ENVIO TED","116,50D","882.430,83D"
2021/03/31,131407,"ENVIO TED","1.236,50D","883.667,33D"
2021/03/31,142766,"ENVIO TED","6.384,00D","890.051,33D"
2021/03/31,311048,"ENVIO TEV","3.666,06D","893.717,39D"
2021/03/31,311048,"ENVIO TEV","1.275,52D","894.992,91D"
2021/03/31,727220,"RESG AUTOM",894992.91,0
2021/03/31,-,"SALDO FINAL",-,0
"                         Caixa Econômica Federal",,,,
"                              GovConta Caixa",,,,
"                     Extrato das Contas Individuais",,,,
,,,,
"Conta de Referência..: 0316/006/00624053-1 FUNDO MUNICIPAL DE SAUDE        ",,,,
"Data de Solicitação..: 13/05/2021 05:29:52 PM",,,,
"Data de Referência...: 01/04/2021 - 30/04/2021",,,,
,,,,
"Data Mov",Nr.Doc,Histórico,"Valor (R$)","Saldo (R$)"
2021/04/01,-,"SALDO ANTERIOR",-,0
2021/04/05,1,"CRED TED",8784082.69,8784082.69
2021/04/05,1,"CRED TED",1097151.01,9881233.7
2021/04/05,1,"CRED TED",229400,10110633.7
2021/04/05,1,"CRED TED",204243.98,10314877.68
2021/04/05,1,"CRED TED",148373.5,10463251.18
2021/04/05,1,"CRED TED",30922.5,10494173.68
2021/04/05,1,"CRED TED",146475,10640648.68
2021/04/05,1,"CRED TED",70703.78,10711352.46
2021/04/05,1,"CRED TED",13600,10724952.46
2021/04/05,1,"CRED TED",7500,10732452.46
2021/04/05,1,"CRED TED",28944.09,10761396.55
2021/04/05,1,"CRED TED",1627.5,10763024.05
2021/04/05,1,"CRED TED",10200,10773224.05
2021/04/05,1,"CRED TED",20960.49,10794184.54
2021/04/05,990001,"APL AUTOM","10.794.184,54D",0
2021/04/06,61105,"ENVIO TEV","2.213.990,00D","2.213.990,00D"
2021/04/06,61105,"ENVIO TEV","198.681,00D","2.412.671,00D"
2021/04/06,61105,"ENVIO TEV","6.453,00D","2.419.124,00D"
2021/04/06,61105,"ENVIO TEV","150.000,00D","2.569.124,00D"
2021/04/06,61348,"ENVIO TEV","240.000,00D","2.809.124,00D"
2021/04/06,133023,"ENVIO TED","431.200,00D","3.240.324,00D"
2021/04/06,133816,"ENVIO TED","160.015,15D","3.400.339,15D"
2021/04/06,134050,"ENVIO TED","5.514,59D","3.405.853,74D"
2021/04/06,134264,"ENVIO TED","163,50D","3.406.017,24D"
2021/04/06,134631,"ENVIO TED","61.754,00D","3.467.771,24D"
2021/04/06,135160,"ENVIO TED","2.875,68D","3.470.646,92D"
2021/04/06,135613,"ENVIO TED","21.369,28D","3.492.016,20D"
2021/04/06,137298,"ENVIO TED","26.120,79D","3.518.136,99D"
2021/04/06,138232,"ENVIO TED","10.848,79D","3.528.985,78D"
2021/04/06,138501,"ENVIO TED","10.262,18D","3.539.247,96D"
2021/04/06,138769,"ENVIO TED","1.114,08D","3.540.362,04D"
2021/04/06,138997,"ENVIO TED","790,38D","3.541.152,42D"
2021/04/06,139237,"ENVIO TED","36.641,25D","3.577.793,67D"
2021/04/06,139487,"ENVIO TED","1.711,04D","3.579.504,71D"
2021/04/06,142642,"ENVIO TED","11.736,39D","3.591.241,10D"
2021/04/06,176642,"ENVIO TED","69.750,00D","3.660.991,10D"
2021/04/06,727220,"RESG AUTOM",3660991.1,0
2021/04/07,1,"CRED TED",130444,130444
2021/04/07,990001,"APL AUTOM","130.444,00D",0
2021/04/08,140590,"DEVOL TED",7756.86,7756.86
2021/04/08,81512,"ENVIO TEV","78.240,00D","70.483,14D"
2021/04/08,81512,"ENVIO TEV","148.015,10D","218.498,24D"
2021/04/08,81512,"ENVIO TEV","1.087.062,84D","1.305.561,08D"
2021/04/08,81512,"ENVIO TEV","52.176,77D","1.357.737,85D"
2021/04/08,135296,"ENVIO TED","36.846,57D","1.394.584,42D"
2021/04/08,136058,"ENVIO TED","139.878,49D","1.534.462,91D"
2021/04/08,136464,"ENVIO TED","39.672,52D","1.574.135,43D"
2021/04/08,137202,"ENVIO TED","71.278,08D","1.645.413,51D"
2021/04/08,137891,"ENVIO TED","12.654,67D","1.658.068,18D"
2021/04/08,138966,"ENVIO TED","139.955,11D","1.798.023,29D"
2021/04/08,139404,"ENVIO TED","12.560,50D","1.810.583,79D"
2021/04/08,139620,"ENVIO TED","12.560,50D","1.823.144,29D"
2021/04/08,139911,"ENVIO TED","8.961,10D","1.832.105,39D"
2021/04/08,140165,"ENVIO TED","8.317,00D","1.840.422,39D"
2021/04/08,140383,"ENVIO TED","6.655,92D","1.847.078,31D"
2021/04/08,140590,"ENVIO TED","7.756,86D","1.854.835,17D"
2021/04/08,140796,"ENVIO TED","13.100,00D","1.867.935,17D"
2021/04/08,141320,"ENVIO TED","4.944,00D","1.872.879,17D"
2021/04/08,141527,"ENVIO TED","2.430,00D","1.875.309,17D"
2021/04/08,142666,"ENVIO TED","4.365,00D","1.879.674,17D"
2021/04/08,143001,"ENVIO TED","101.565,00D","1.981.239,17D"
2021/04/08,727220,"RESG AUTOM",1981239.17,0
2021/04/12,122819,"ENVIO TED","375.272,01D","375.272,01D"
2021/04/12,124237,"ENVIO TED","3.880,80D","379.152,81D"
2021/04/12,124623,"ENVIO TED","980,00D","380.132,81D"
2021/04/12,124844,"ENVIO TED","125,00D","380.257,81D"
2021/04/12,126443,"ENVIO TED","155.225,40D","535.483,21D"
2021/04/12,138408,"ENVIO TED","3.000,00D","538.483,21D"
2021/04/12,727220,"RESG AUTOM",538483.21,0
2021/04/14,124779,"ENVIO TED","175.000,00D","175.000,00D"
2021/04/14,124952,"ENVIO TED","11.294,15D","186.294,15D"
2021/04/14,125114,"ENVIO TED","500,00D","186.794,15D"
2021/04/14,125307,"ENVIO TED","48.972,00D","235.766,15D"
2021/04/14,141026,"ENVIO TEV","16.023,26D","251.789,41D"
2021/04/14,141026,"ENVIO TEV","586.735,40D","838.524,81D"
2021/04/14,141026,"ENVIO TEV","31.641,11D","870.165,92D"
2021/04/14,727220,"RESG AUTOM",870165.92,0
2021/04/16,1,"CRED TED",1200000,1200000
2021/04/16,1,"CRED TED",27982.46,1227982.46
2021/04/16,1,"CRED TED",47021.85,1275004.31
2021/04/16,1,"CRED TED",5165,1280169.31
2021/04/16,118104,"ENVIO TED","1.803,00D",1278366.31
2021/04/16,118290,"ENVIO TED","2.148,74D",1276217.57
2021/04/16,118417,"ENVIO TED","4.000,00D",1272217.57
2021/04/16,118570,"ENVIO TED","66,00D",1272151.57
2021/04/16,118694,"ENVIO TED","6.825,00D",1265326.57
2021/04/16,118840,"ENVIO TED","337,53D",1264989.04
2021/04/16,119029,"ENVIO TED","3.168,57D",1261820.47
2021/04/16,120005,"ENVIO TED","39.033,30D",1222787.17
2021/04/16,120155,"ENVIO TED","1.578,00D",1221209.17
2021/04/16,120299,"ENVIO TED","32.242,58D",1188966.59
2021/04/16,120489,"ENVIO TED","3.851,35D",1185115.24
2021/04/16,121175,"ENVIO TED","2.428,14D",1182687.1
2021/04/16,141854,"ENVIO TED","4.040,19D",1178646.91
2021/04/16,142656,"ENVIO TED","34.010,00D",1144636.91
2021/04/16,160958,"ENVIO TEV","3.603,95D",1141032.96
2021/04/16,990001,"APL AUTOM","1.141.032,96D",0
2021/04/19,1,"CRED TED",1476.72,1476.72
2021/04/19,990001,"APL AUTOM","1.476,72D",0
2021/04/20,167105,"ENVIO TED","129.814,51D","129.814,51D"
2021/04/20,727220,"RESG AUTOM",129814.51,0
2021/04/22,108436,"ENVIO TED","99,33D","99,33D"
2021/04/22,108672,"ENVIO TED","13.542,03D","13.641,36D"
2021/04/22,108849,"ENVIO TED","209.250,00D","222.891,36D"
2021/04/22,109017,"ENVIO TED","90.948,00D","313.839,36D"
2021/04/22,151537,"ENVIO TED","58.281,18D","372.120,54D"
2021/04/22,220843,"ENVIO TEV","1.137.872,16D","1.509.992,70D"
2021/04/22,727220,"RESG AUTOM",1509992.7,0
2021/04/23,182322,"DEVOL TED",7756.86,7756.86
2021/04/23,116767,"ENVIO TED","891,00D",6865.86
2021/04/23,182322,"ENVIO TED","7.756,86D","891,00D"
2021/04/23,727220,"RESG AUTOM",891,0
2021/04/26,140684,"ENVIO TED","407.323,91D","407.323,91D"
2021/04/26,141079,"ENVIO TED","7.177,44D","414.501,35D"
2021/04/26,261141,"ENVIO TEV","11.000,74D","425.502,09D"
2021/04/26,727220,"RESG AUTOM",425502.09,0
2021/04/27,107336,"ENVIO TED","26.480,00D","26.480,00D"
2021/04/27,107854,"ENVIO TED","17.002,51D","43.482,51D"
2021/04/27,108028,"ENVIO TED","15.791,39D","59.273,90D"
2021/04/27,108206,"ENVIO TED","59.947,92D","119.221,82D"
2021/04/27,108327,"ENVIO TED","30.547,75D","149.769,57D"
2021/04/27,108476,"ENVIO TED","92.628,04D","242.397,61D"
2021/04/27,108754,"ENVIO TED","2.962,00D","245.359,61D"
2021/04/27,109064,"ENVIO TED","221,78D","245.581,39D"
2021/04/27,109300,"ENVIO TED","308,50D","245.889,89D"
2021/04/27,109417,"ENVIO TED","21.480,00D","267.369,89D"
2021/04/27,109687,"ENVIO TED","30.792,00D","298.161,89D"
2021/04/27,109999,"ENVIO TED","17.640,00D","315.801,89D"
2021/04/27,110118,"ENVIO TED","5.423,43D","321.225,32D"
2021/04/27,140496,"ENVIO TED","115,99D","321.341,31D"
2021/04/27,140641,"ENVIO TED","12,00D","321.353,31D"
2021/04/27,140770,"ENVIO TED","17.415,00D","338.768,31D"
2021/04/27,270907,"ENVIO TEV","3.039,12D","341.807,43D"
2021/04/27,270907,"ENVIO TEV","1.396,60D","343.204,03D"
2021/04/27,270907,"ENVIO TEV","1.993,85D","345.197,88D"
2021/04/27,270907,"ENVIO TEV","85.149,00D","430.346,88D"
2021/04/27,727220,"RESG AUTOM",430346.88,0
2021/04/28,11389,"DOC ELET E","540,06D","540,06D"
2021/04/28,139471,"ENVIO TED","500.000,00D","500.540,06D"
2021/04/28,139544,"ENVIO TED","296.868,43D","797.408,49D"
2021/04/28,139695,"ENVIO TED","5.029,88D","802.438,37D"
2021/04/28,139776,"ENVIO TED","55.745,28D","858.183,65D"
2021/04/28,139840,"ENVIO TED","6.720,00D","864.903,65D"
2021/04/28,139921,"ENVIO TED","19.449,94D","884.353,59D"
2021/04/28,281227,"ENVIO TEV","45.001,26D","929.354,85D"
2021/04/28,727220,"RESG AUTOM",929354.85,0
2021/04/30,166200,"DEVOL TED",455814.02,455814.02
2021/04/30,166622,"DEVOL TED",400000,855814.02
2021/04/30,166859,"DEVOL TED",500000,1355814.02
2021/04/30,166985,"DEVOL TED",100000,1455814.02
2021/04/30,166200,"ENVIO TED","455.814,02D",1000000
2021/04/30,166622,"ENVIO TED","400.000,00D",600000
2021/04/30,166859,"ENVIO TED","500.000,00D",100000
2021/04/30,166985,"ENVIO TED","100.000,00D",0
2021/04/30,-,"SALDO FINAL",-,0
"Sem lancamentos"
"Sem lancamentos"
"Extrato Conta Corrente",,,,,,,,,,
Agencia,03409,"Conta corrente",00000073652X,,,,,,,
Data,observacao,"Data balancete","Agencia Origem",Lote,"Numero Documento","Cod. Historico",Historico,"Valor R$ ",Inf.,"Detalhamento Hist."
01/05/2020," ",01/05/2020,0000,00000,00000000000000000,000,"Saldo Anterior           ","0,00 ",C,"                                      "
12/05/2020," ",12/05/2020,0000,14056,00001790511000031,632,"Ordem Bancária           ","77.700,00 ",C,"                                      "
12/05/2020," ",12/05/2020,0000,00000,00000000000000070,345,"BB CP Automatico S P     ","77.700,00 ",D,"                                      "
31/05/2020," ",31/05/2020,0000,00000,00000000000000000,345,"S A L D O                ","0,00 ",C,"                                      "
"Extrato Conta Corrente",,,,,,,,,,
Agencia,03409,"Conta corrente",00000073652X,,,,,,,
Data,observacao,"Data balancete","Agencia Origem",Lote,"Numero Documento","Cod. Historico",Historico,"Valor R$ ",Inf.,"Detalhamento Hist."
12/05/2020," ",12/05/2020,0000,00000,00000000000000000,000,"Saldo Anterior           ","0,00 ",C,"                                      "
30/06/2020," ",30/06/2020,0000,00000,00000000000000000,000,"S A L D O                ","0,00 ",C,"                                      "
"Extrato Conta Corrente",,,,,,,,,,
Agencia,03409,"Conta corrente",00000073652X,,,,,,,
Data,observacao,"Data balancete","Agencia Origem",Lote,"Numero Documento","Cod. Historico",Historico,"Valor R$ ",Inf.,"Detalhamento Hist."
12/05/2020," ",12/05/2020,0000,00000,00000000000000000,000,"Saldo Anterior           ","0,00 ",C,"                                      "
31/07/2020," ",31/07/2020,0000,00000,00000000000000000,000,"S A L D O                ","0,00 ",C,"                                      "
"Extrato Conta Corrente",,,,,,,,,,
Agencia,03409,"Conta corrente",00000073652X,,,,,,,
Data,observacao,"Data balancete","Agencia Origem",Lote,"Numero Documento","Cod. Historico",Historico,"Valor R$ ",Inf.,"Detalhamento Hist."
12/05/2020," ",12/05/2020,0000,00000,00000000000000000,000,"Saldo Anterior           ","0,00 ",C,"                                      "
04/08/2020," ",04/08/2020,0000,13105,00000000000080401,393,"TED Transf.Eletr.Disponiv","5.450,20 ",D,"                                      "
04/08/2020," ",04/08/2020,0000,13113,00832171200186540,310,"Tar DOC/TED Eletrônico   ","10,45 ",D,"                                      "
04/08/2020," ",04/08/2020,0000,00000,00000000000000070,855,"BB CP Automatico S P     ","5.460,65 ",C,"                                      "
06/08/2020," ",06/08/2020,0000,14056,00003051824000033,632,"Ordem Bancária           ","67.200,00 ",C,"                                      "
06/08/2020," ",06/08/2020,0000,00000,00000000000000070,345,"BB CP Automatico S P     ","67.200,00 ",D,"                                      "
24/08/2020," ",24/08/2020,0000,99015,00556624000030565,470,"Transferência enviada    ","3.990,00 ",D,"                                      "
24/08/2020," ",24/08/2020,0000,13105,00000000000082401,393,"TED Transf.Eletr.Disponiv","2.200,00 ",D,"                                      "
24/08/2020," ",24/08/2020,0000,13113,00822371200840145,310,"Tar DOC/TED Eletrônico   ","10,45 ",D,"                                      "
24/08/2020," ",24/08/2020,0000,00000,00000000000000070,855,"BB CP Automatico S P     ","6.200,45 ",C,"                                      "
26/08/2020," ",26/08/2020,0000,13105,00000000000082601,393,"TED Transf.Eletr.Disponiv","12.240,00 ",D,"                                      "
26/08/2020," ",26/08/2020,0000,13113,00832391200240758,310,"Tar DOC/TED Eletrônico   ","10,45 ",D,"                                      "
26/08/2020," ",26/08/2020,0000,00000,00000000000000070,855,"BB CP Automatico S P     ","12.250,45 ",C,"                                      "
28/08/2020," ",28/08/2020,0000,13105,00000000000082801,393,"TED Transf.Eletr.Disponiv","170,00 ",D,"                                      "
28/08/2020," ",28/08/2020,0000,13113,00842411200625525,310,"Tar DOC/TED Eletrônico   ","10,45 ",D,"                                      "
28/08/2020," ",28/08/2020,0000,00000,00000000000000070,855,"BB CP Automatico S P     ","180,45 ",C,"                                      "
31/08/2020," ",31/08/2020,0000,00000,00000000000000000,855,"S A L D O                ","0,00 ",C,"                                      "
"Extrato Conta Corrente",,,,,,,,,,
Agencia,03409,"Conta corrente",00000073652X,,,,,,,
Data,observacao,"Data balancete","Agencia Origem",Lote,"Numero Documento","Cod. Historico",Historico,"Valor R$ ",Inf.,"Detalhamento Hist."
28/08/2020," ",28/08/2020,0000,00000,00000000000000000,000,"Saldo Anterior           ","0,00 ",C,"                                      "
01/09/2020," ",01/09/2020,0000,14056,00003405734000002,632,"Ordem Bancária           ","10.500,00 ",C,"                                      "
01/09/2020," ",01/09/2020,0000,00000,00000000000000070,345,"BB CP Automatico S P     ","10.500,00 ",D,"                                      "
03/09/2020," ",03/09/2020,0000,99015,00556850000007689,470,"Transferência enviada    ","3.800,00 ",D,"                                      "
03/09/2020," ",03/09/2020,0000,00000,00000000000000070,855,"BB CP Automatico S P     ","3.800,00 ",C,"                                      "
15/09/2020," ",15/09/2020,0000,99015,00556507000014078,470,"Transferência enviada    ","4.617,60 ",D,"                                      "
15/09/2020," ",15/09/2020,0000,00000,00000000000000070,855,"BB CP Automatico S P     ","4.617,60 ",C,"                                      "
21/09/2020," ",21/09/2020,0000,99015,00550340000073020,870,"Transferência recebida   ","41,80 ",C,"                                      "
21/09/2020," ",21/09/2020,0000,00000,00000000000000070,345,"BB CP Automatico S P     ","41,80 ",D,"                                      "
30/09/2020," ",30/09/2020,0000,00000,00000000000000000,345,"S A L D O                ","0,00 ",C,"                                      "
"Extrato Conta Corrente",,,,,,,,,,
Agencia,03409,"Conta corrente",00000073652X,,,,,,,
Data,observacao,"Data balancete","Agencia Origem",Lote,"Numero Documento","Cod. Historico",Historico,"Valor R$ ",Inf.,"Detalhamento Hist."
21/09/2020," ",21/09/2020,0000,00000,00000000000000000,000,"Saldo Anterior           ","0,00 ",C,"                                      "
31/10/2020," ",31/10/2020,0000,00000,00000000000000000,000,"S A L D O                ","0,00 ",C,"                                      "
"Extrato Conta Corrente",,,,,,,,,,
Agencia,03409,"Conta corrente",00000073652X,,,,,,,
Data,observacao,"Data balancete","Agencia Origem",Lote,"Numero Documento","Cod. Historico",Historico,"Valor R$ ",Inf.,"Detalhamento Hist."
21/09/2020," ",21/09/2020,0000,00000,00000000000000000,000,"Saldo Anterior           ","0,00 ",C,"                                      "
30/11/2020," ",30/11/2020,0000,00000,00000000000000000,000,"S A L D O                ","0,00 ",C,"                                      "
"Extrato Conta Corrente",,,,,,,,,,
Agencia,03409,"Conta corrente",00000073652X,,,,,,,
Data,observacao,"Data balancete","Agencia Origem",Lote,"Numero Documento","Cod. Historico",Historico,"Valor R$ ",Inf.,"Detalhamento Hist."
21/09/2020," ",21/09/2020,0000,00000,00000000000000000,000,"Saldo Anterior           ","0,00 ",C,"                                      "
16/12/2020," ",16/12/2020,0340,99015,00555737000014268,470,"Transferência enviada    ","3.455,73 ",D,"16/12 5737      14268-9 VIVA PRODUCAO "
16/12/2020," ",16/12/2020,0000,00000,00000000000000070,855,"BB CP Automatico S P     ","3.455,73 ",C,"                                      "
22/12/2020," ",22/12/2020,0340,99015,00559794000000322,470,"Transferência enviada    ","3.750,00 ",D,"22/12 9794        322-0 BR V D PRODUTO"
22/12/2020," ",22/12/2020,0000,00000,00000000000000070,855,"BB CP Automatico S P     ","3.750,00 ",C,"                                      "
31/12/2020," ",31/12/2020,0000,00000,00000000000000000,999,"S A L D O                ","0,00 ",C,"                                      "
"Extrato Conta Corrente",,,,,,,,,,
Agencia,03409,"Conta corrente",00000073652X,,,,,,,
Data,observacao,"Data balancete","Agencia Origem",Lote,"Numero Documento","Cod. Historico",Historico,"Valor R$ ",Inf.,"Detalhamento Hist."
22/12/2020," ",22/12/2020,0000,00000,00000000000000000,000,"Saldo Anterior           ","0,00 ",C,"                                      "
14/01/2021," ",14/01/2021,0340,99015,00553333000005541,470,"Transferência enviada    ","1.290,00 ",D,"14/01 3333       5541-7 COMERCIAL SAND"
14/01/2021," ",14/01/2021,0000,00000,00000000000000070,855,"BB CP Automatico S P     ","1.290,00 ",C,"                                      "
18/01/2021," ",18/01/2021,0000,13105,00000000000011801,393,"TED Transf.Eletr.Disponiv","2.880,00 ",D,"341 0658 027644873000193 LUCIANO DAMAS"
18/01/2021," ",18/01/2021,0000,13105,00000000000011802,393,"TED Transf.Eletr.Disponiv","13.965,00 ",D,"237 0150 032270160000147 JRA IMPLANTS "
18/01/2021," ",18/01/2021,0000,13113,00890181100004653,310,"Tar DOC/TED Eletrônico   ","10,45 ",D,"Cobrança referente 18/01/2021         "
18/01/2021," ",18/01/2021,0000,13113,00890181100004654,310,"Tar DOC/TED Eletrônico   ","10,45 ",D,"Cobrança referente 18/01/2021         "
18/01/2021," ",18/01/2021,0000,00000,00000000000000070,855,"BB CP Automatico S P     ","16.865,90 ",C,"                                      "
28/01/2021," ",28/01/2021,0000,13105,00000000000012801,393,"TED Transf.Eletr.Disponiv","36.834,80 ",D,"237 0172 034850802000102 MARCO ANTONIO"
28/01/2021," ",28/01/2021,0000,13113,00800281100137232,310,"Tar DOC/TED Eletrônico   ","10,45 ",D,"Cobrança referente 28/01/2021         "
28/01/2021," ",28/01/2021,0000,00000,00000000000000070,855,"BB CP Automatico S P     ","36.845,25 ",C,"                                      "
31/01/2021," ",31/01/2021,0000,00000,00000000000000000,999,"S A L D O                ","0,00 ",C,"                                      "
"Extrato Conta Corrente",,,,,,,,,,
Agencia,03409,"Conta corrente",00000073652X,,,,,,,
Data,observacao,"Data balancete","Agencia Origem",Lote,"Numero Documento","Cod. Historico",Historico,"Valor R$ ",Inf.,"Detalhamento Hist."
28/01/2021," ",28/01/2021,0000,00000,00000000000000000,000,"Saldo Anterior           ","0,00 ",C,"                                      "
25/02/2021," ",25/02/2021,0340,99015,00550340000073020,870,"Transferência recebida   ","31,35 ",C,"25/02 0340      73020-3 P M J  -  MOVI"
25/02/2021," ",25/02/2021,0000,13105,00000000000022501,393,"TED Transf.Eletr.Disponiv","832,26 ",D,"237 0172 034850802000102 MARCO ANTONIO"
25/02/2021," ",25/02/2021,0000,13113,00820561200501660,310,"Tar DOC/TED Eletrônico   ","10,45 ",D,"Cobrança referente 25/02/2021         "
25/02/2021," ",25/02/2021,0000,00000,00000000000000070,855,"BB CP Automatico S P     ","811,36 ",C,"                                      "
28/02/2021," ",28/02/2021,0000,00000,00000000000000000,999,"S A L D O                ","0,00 ",C,"                                      "
"Extrato Conta Corrente",,,,,,,,,,
Agencia,03409,"Conta corrente",00000073652X,,,,,,,
Data,observacao,"Data balancete","Agencia Origem",Lote,"Numero Documento","Cod. Historico",Historico,"Valor R$ ",Inf.,"Detalhamento Hist."
25/02/2021," ",25/02/2021,0000,00000,00000000000000000,000,"Saldo Anterior           ","0,00 ",C,"                                      "
23/03/2021," ",23/03/2021,0340,99015,00550340000073020,870,"Transferência recebida   ","10,45 ",C,"23/03 0340      73020-3 P M J  -  MOVI"
23/03/2021," ",23/03/2021,0000,00000,00000000000000070,345,"BB CP Automatico S P     ","10,45 ",D,"                                      "
31/03/2021," ",31/03/2021,0000,00000,00000000000000000,999,"S A L D O                ","0,00 ",C,"                                      "
"Extrato Conta Corrente",,,,,,,,,,
Agencia,03409,"Conta corrente",00000073652X,,,,,,,
Data,observacao,"Data balancete","Agencia Origem",Lote,"Numero Documento","Cod. Historico",Historico,"Valor R$ ",Inf.,"Detalhamento Hist."
23/03/2021," ",23/03/2021,0000,00000,00000000000000000,000,"Saldo Anterior           ","0,00 ",C,"                                      "
30/04/2021," ",30/04/2021,0340,99015,00552857000111916,470,"Transferência enviada    ","30.750,00 ",D,"30/04 2857     111916-8 PAN AMERICANA "
30/04/2021," ",30/04/2021,0000,00000,00000000000000070,855,"BB CP Automatico S P     ","30.750,00 ",C,"                                      "
30/04/2021," ",30/04/2021,0000,00000,00000000000000000,999,"S A L D O                ","0,00 ",C,"                                      "
"Sem lancamentos"
"Sem lancamentos"
"Extrato Conta Corrente",,,,,,,,,,
Agencia,03409,"Conta corrente",000000736503,,,,,,,
Data,observacao,"Data balancete","Agencia Origem",Lote,"Numero Documento","Cod. Historico",Historico,"Valor R$ ",Inf.,"Detalhamento Hist."
01/05/2020," ",01/05/2020,0000,00000,00000000000000000,000,"Saldo Anterior           ","0,00 ",C,"                                      "
12/05/2020," ",12/05/2020,0000,14056,00001790512000023,632,"Ordem Bancária           ","655.200,00 ",C,"                                      "
12/05/2020," ",12/05/2020,0000,00000,00000000000000070,345,"BB CP Automatico S P     ","655.200,00 ",D,"                                      "
31/05/2020," ",31/05/2020,0000,00000,00000000000000000,345,"S A L D O                ","0,00 ",C,"                                      "
"Extrato Conta Corrente",,,,,,,,,,
Agencia,03409,"Conta corrente",000000736503,,,,,,,
Data,observacao,"Data balancete","Agencia Origem",Lote,"Numero Documento","Cod. Historico",Historico,"Valor R$ ",Inf.,"Detalhamento Hist."
12/05/2020," ",12/05/2020,0000,00000,00000000000000000,000,"Saldo Anterior           ","0,00 ",C,"                                      "
15/06/2020," ",15/06/2020,0000,13105,00000000000061501,393,"TED Transf.Eletr.Disponiv","5.745,00 ",D,"                                      "
15/06/2020," ",15/06/2020,0000,13113,00861671200107305,310,"Tar DOC/TED Eletrônico   ","10,45 ",D,"                                      "
15/06/2020," ",15/06/2020,0000,00000,00000000000000070,855,"BB CP Automatico S P     ","5.755,45 ",C,"                                      "
24/06/2020," ",24/06/2020,0000,14056,00002386068000094,632,"Ordem Bancária           ","655.200,00 ",C,"                                      "
24/06/2020," ",24/06/2020,0000,00000,00000000000000070,345,"BB CP Automatico S P     ","655.200,00 ",D,"                                      "
30/06/2020," ",30/06/2020,0000,00000,00000000000000000,345,"S A L D O                ","0,00 ",C,"                                      "
"Extrato Conta Corrente",,,,,,,,,,
Agencia,03409,"Conta corrente",000000736503,,,,,,,
Data,observacao,"Data balancete","Agencia Origem",Lote,"Numero Documento","Cod. Historico",Historico,"Valor R$ ",Inf.,"Detalhamento Hist."
24/06/2020," ",24/06/2020,0000,00000,00000000000000000,000,"Saldo Anterior           ","0,00 ",C,"                                      "
21/07/2020," ",21/07/2020,0000,13105,00000000000072101,393,"TED Transf.Eletr.Disponiv","9.984,00 ",D,"                                      "
21/07/2020," ",21/07/2020,0000,13113,00832031200435529,310,"Tar DOC/TED Eletrônico   ","10,45 ",D,"                                      "
21/07/2020," ",21/07/2020,0000,00000,00000000000000070,855,"BB CP Automatico S P     ","9.994,45 ",C,"                                      "
31/07/2020," ",31/07/2020,0000,00000,00000000000000000,855,"S A L D O                ","0,00 ",C,"                                      "
"Extrato Conta Corrente",,,,,,,,,,
Agencia,03409,"Conta corrente",000000736503,,,,,,,
Data,observacao,"Data balancete","Agencia Origem",Lote,"Numero Documento","Cod. Historico",Historico,"Valor R$ ",Inf.,"Detalhamento Hist."
21/07/2020," ",21/07/2020,0000,00000,00000000000000000,000,"Saldo Anterior           ","0,00 ",C,"                                      "
24/08/2020," ",24/08/2020,0000,13105,00000000000082401,393,"TED Transf.Eletr.Disponiv","7.008,00 ",D,"                                      "
24/08/2020," ",24/08/2020,0000,13113,00822371200840144,310,"Tar DOC/TED Eletrônico   ","10,45 ",D,"                                      "
24/08/2020," ",24/08/2020,0000,00000,00000000000000070,855,"BB CP Automatico S P     ","7.018,45 ",C,"                                      "
26/08/2020," ",26/08/2020,0000,99015,00550340000073020,870,"Transferência recebida   ","20,90 ",C,"                                      "
26/08/2020," ",26/08/2020,0000,99015,00553584000106708,470,"Transferência enviada    ","1.610,55 ",D,"                                      "
26/08/2020," ",26/08/2020,0000,13105,00000000000082601,393,"TED Transf.Eletr.Disponiv","14.170,92 ",D,"                                      "
26/08/2020," ",26/08/2020,0000,13105,00000000000082602,393,"TED Transf.Eletr.Disponiv","19.200,00 ",D,"                                      "
26/08/2020," ",26/08/2020,0000,13113,00832391200240756,310,"Tar DOC/TED Eletrônico   ","10,45 ",D,"                                      "
26/08/2020," ",26/08/2020,0000,13113,00832391200240757,310,"Tar DOC/TED Eletrônico   ","10,45 ",D,"                                      "
26/08/2020," ",26/08/2020,0000,00000,00000000000000070,855,"BB CP Automatico S P     ","34.981,47 ",C,"                                      "
31/08/2020," ",31/08/2020,0000,00000,00000000000000000,855,"S A L D O                ","0,00 ",C,"                                      "
"Extrato Conta Corrente",,,,,,,,,,
Agencia,03409,"Conta corrente",000000736503,,,,,,,
Data,observacao,"Data balancete","Agencia Origem",Lote,"Numero Documento","Cod. Historico",Historico,"Valor R$ ",Inf.,"Detalhamento Hist."
26/08/2020," ",26/08/2020,0000,00000,00000000000000000,000,"Saldo Anterior           ","0,00 ",C,"                                      "
03/09/2020," ",03/09/2020,0000,99015,00556822000009987,470,"Transferência enviada    ","589,90 ",D,"                                      "
03/09/2020," ",03/09/2020,0000,13105,00000000000090301,393,"TED Transf.Eletr.Disponiv","3.800,00 ",D,"                                      "
03/09/2020," ",03/09/2020,0000,13113,00802471100022159,310,"Tar DOC/TED Eletrônico   ","10,45 ",D,"                                      "
03/09/2020," ",03/09/2020,0000,00000,00000000000000070,855,"BB CP Automatico S P     ","4.400,35 ",C,"                                      "
21/09/2020," ",21/09/2020,0000,99015,00550340000073020,870,"Transferência recebida   ","20,90 ",C,"                                      "
21/09/2020," ",21/09/2020,0000,00000,00000000000000070,345,"BB CP Automatico S P     ","20,90 ",D,"                                      "
29/09/2020," ",29/09/2020,0000,13105,00000000000092901,393,"TED Transf.Eletr.Disponiv","14.500,17 ",D,"                                      "
29/09/2020," ",29/09/2020,0000,13113,00832731200576641,310,"Tar DOC/TED Eletrônico   ","10,45 ",D,"                                      "
29/09/2020," ",29/09/2020,0000,00000,00000000000000070,855,"BB CP Automatico S P     ","14.510,62 ",C,"                                      "
30/09/2020," ",30/09/2020,0000,13105,00000000000093001,393,"TED Transf.Eletr.Disponiv","8.505,00 ",D,"                                      "
30/09/2020," ",30/09/2020,0000,13113,00832741201363423,310,"Tar DOC/TED Eletrônico   ","10,45 ",D,"                                      "
30/09/2020," ",30/09/2020,0000,00000,00000000000000070,855,"BB CP Automatico S P     ","8.515,45 ",C,"                                      "
30/09/2020," ",30/09/2020,0000,00000,00000000000000000,855,"S A L D O                ","0,00 ",C,"                                      "
"Extrato Conta Corrente",,,,,,,,,,
Agencia,03409,"Conta corrente",000000736503,,,,,,,
Data,observacao,"Data balancete","Agencia Origem",Lote,"Numero Documento","Cod. Historico",Historico,"Valor R$ ",Inf.,"Detalhamento Hist."
30/09/2020," ",30/09/2020,0000,00000,00000000000000000,000,"Saldo Anterior           ","0,00 ",C,"                                      "
05/10/2020," ",05/10/2020,0000,99015,00553406000004302,470,"Transferência enviada    ","1.975,00 ",D,"                                      "
05/10/2020," ",05/10/2020,0000,00000,00000000000000070,855,"BB CP Automatico S P     ","1.975,00 ",C,"                                      "
19/10/2020," ",19/10/2020,0000,14175,00000000000400015,983,"TED Devolvida            ","330,00 ",C,"                                      "
19/10/2020," ",19/10/2020,0000,13105,00000000000101901,393,"TED Transf.Eletr.Disponiv","330,00 ",D,"                                      "
19/10/2020," ",19/10/2020,0000,13113,00862931200001357,310,"Tar DOC/TED Eletrônico   ","10,45 ",D,"                                      "
19/10/2020," ",19/10/2020,0000,00000,00000000000000070,855,"BB CP Automatico S P     ","10,45 ",C,"                                      "
28/10/2020," ",28/10/2020,0000,13105,00000000000102801,393,"TED Transf.Eletr.Disponiv","27.478,31 ",D,"                                      "
28/10/2020," ",28/10/2020,0000,13105,00000000000102802,393,"TED Transf.Eletr.Disponiv","21.069,33 ",D,"                                      "
28/10/2020," ",28/10/2020,0000,13113,00823020903854931,310,"Tar DOC/TED Eletrônico   ","10,45 ",D,"                                      "
28/10/2020," ",28/10/2020,0000,13113,00823020903854932,310,"Tar DOC/TED Eletrônico   ","10,45 ",D,"                                      "
28/10/2020," ",28/10/2020,0000,00000,00000000000000070,855,"BB CP Automatico S P     ","48.568,54 ",C,"                                      "
31/10/2020," ",31/10/2020,0000,00000,00000000000000000,855,"S A L D O                ","0,00 ",C,"                                      "
"Extrato Conta Corrente",,,,,,,,,,
Agencia,03409,"Conta corrente",000000736503,,,,,,,
Data,observacao,"Data balancete","Agencia Origem",Lote,"Numero Documento","Cod. Historico",Historico,"Valor R$ ",Inf.,"Detalhamento Hist."
28/10/2020," ",28/10/2020,0000,00000,00000000000000000,000,"Saldo Anterior           ","0,00 ",C,"                                      "
10/11/2020," ",10/11/2020,0340,99015,00550990000071220,470,"Transferência enviada    ","3.459,00 ",D,"10/11 0990      71220-5 C.G. RANDI MOV"
10/11/2020," ",10/11/2020,0000,00000,00000000000000070,855,"BB CP Automatico S P     ","3.459,00 ",C,"                                      "
11/11/2020," ",11/11/2020,0340,99015,00550340000073057,870,"Transferência recebida   ","5.720,56 ",C,"11/11 0340      73057-2 P M J PROJ RED"
11/11/2020," ",11/11/2020,0000,00000,00000000000000070,345,"BB CP Automatico S P     ","5.720,56 ",D,"                                      "
12/11/2020," ",12/11/2020,0000,13105,00000000000111201,393,"TED Transf.Eletr.Disponiv","11.968,72 ",D,"237 0150 045780103000150 MUNICIPIO DE "
12/11/2020," ",12/11/2020,0000,13113,00883171100244156,310,"Tar DOC/TED Eletrônico   ","10,45 ",D,"Cobrança referente 12/11/2020         "
12/11/2020," ",12/11/2020,0000,00000,00000000000000070,855,"BB CP Automatico S P     ","11.979,17 ",C,"                                      "
18/11/2020," ",18/11/2020,0000,13105,00000000000111801,393,"TED Transf.Eletr.Disponiv","330,00 ",D,"341 1616 019515680000104 JORGE H. KHUR"
18/11/2020," ",18/11/2020,0000,13113,00893231100102351,310,"Tar DOC/TED Eletrônico   ","10,45 ",D,"Cobrança referente 18/11/2020         "
18/11/2020," ",18/11/2020,0000,00000,00000000000000070,855,"BB CP Automatico S P     ","340,45 ",C,"                                      "
19/11/2020," ",19/11/2020,0340,99015,00550340000073020,870,"Transferência recebida   ","73,15 ",C,"19/11 0340      73020-3 P M J  -  MOVI"
19/11/2020," ",19/11/2020,0000,00000,00000000000000070,345,"BB CP Automatico S P     ","73,15 ",D,"                                      "
27/11/2020," ",27/11/2020,0000,13105,00000000000112701,393,"TED Transf.Eletr.Disponiv","24.435,62 ",D,"237 0150 045780103000150 MUNICIPIO DE "
27/11/2020," ",27/11/2020,0000,13113,00863321100068080,310,"Tar DOC/TED Eletrônico   ","10,45 ",D,"Cobrança referente 27/11/2020         "
27/11/2020," ",27/11/2020,0000,00000,00000000000000070,855,"BB CP Automatico S P     ","24.446,07 ",C,"                                      "
30/11/2020," ",30/11/2020,0000,00000,00000000000000000,999,"S A L D O                ","0,00 ",C,"                                      "
"Extrato Conta Corrente",,,,,,,,,,
Agencia,03409,"Conta corrente",000000736503,,,,,,,
Data,observacao,"Data balancete","Agencia Origem",Lote,"Numero Documento","Cod. Historico",Historico,"Valor R$ ",Inf.,"Detalhamento Hist."
27/11/2020," ",27/11/2020,0000,00000,00000000000000000,000,"Saldo Anterior           ","0,00 ",C,"                                      "
10/12/2020," ",10/12/2020,0000,13105,00000000000121001,393,"TED Transf.Eletr.Disponiv","11.968,72 ",D,"237 0150 045780103000150 MUNICIPIO DE "
10/12/2020," ",10/12/2020,0000,13113,00823451200091096,310,"Tar DOC/TED Eletrônico   ","10,45 ",D,"Cobrança referente 10/12/2020         "
10/12/2020," ",10/12/2020,0000,00000,00000000000000070,855,"BB CP Automatico S P     ","11.979,17 ",C,"                                      "
16/12/2020," ",16/12/2020,0340,99015,00550340000073057,470,"Transferência enviada    ","21.005,08 ",D,"16/12 0340      73057-2 P M J PROJ RED"
16/12/2020," ",16/12/2020,0000,13105,00000000000121601,393,"TED Transf.Eletr.Disponiv","7.708,96 ",D,"237 0150 045780103000150 MUNICIPIO DE "
16/12/2020," ",16/12/2020,0000,13113,00883511100048852,310,"Tar DOC/TED Eletrônico   ","10,45 ",D,"Cobrança referente 16/12/2020         "
16/12/2020," ",16/12/2020,0000,00000,00000000000000070,855,"BB CP Automatico S P     ","28.724,49 ",C,"                                      "
18/12/2020," ",18/12/2020,0340,99015,00550340000073020,870,"Transferência recebida   ","31,35 ",C,"18/12 0340      73020-3 P M J  -  MOVI"
18/12/2020," ",18/12/2020,0000,00000,00000000000000070,345,"BB CP Automatico S P     ","31,35 ",D,"                                      "
28/12/2020," ",28/12/2020,0000,13105,00000000000122801,393,"TED Transf.Eletr.Disponiv","35.847,72 ",D,"237 0150 045780103000150 MUNICIPIO DE "
28/12/2020," ",28/12/2020,0000,13105,00000000000122802,393,"TED Transf.Eletr.Disponiv","14.877,00 ",D,"341 6424 003138471000159 MV SERVICOS L"
28/12/2020," ",28/12/2020,0000,13113,00883631100001070,310,"Tar DOC/TED Eletrônico   ","10,45 ",D,"Cobrança referente 28/12/2020         "
28/12/2020," ",28/12/2020,0000,13113,00883631100001071,310,"Tar DOC/TED Eletrônico   ","10,45 ",D,"Cobrança referente 28/12/2020         "
28/12/2020," ",28/12/2020,0000,00000,00000000000000070,855,"BB CP Automatico S P     ","50.745,62 ",C,"                                      "
31/12/2020," ",31/12/2020,0000,00000,00000000000000000,999,"S A L D O                ","0,00 ",C,"                                      "
"Extrato Conta Corrente",,,,,,,,,,
Agencia,03409,"Conta corrente",000000736503,,,,,,,
Data,observacao,"Data balancete","Agencia Origem",Lote,"Numero Documento","Cod. Historico",Historico,"Valor R$ ",Inf.,"Detalhamento Hist."
28/12/2020," ",28/12/2020,0000,00000,00000000000000000,000,"Saldo Anterior           ","0,00 ",C,"                                      "
11/01/2021," ",11/01/2021,0000,13105,00000000000011101,393,"TED Transf.Eletr.Disponiv","6.321,60 ",D,"237 0150 032611181000189 CANTIRELLA - "
11/01/2021," ",11/01/2021,0000,13113,00820111200094194,310,"Tar DOC/TED Eletrônico   ","10,45 ",D,"Cobrança referente 11/01/2021         "
11/01/2021," ",11/01/2021,0000,00000,00000000000000070,855,"BB CP Automatico S P     ","6.332,05 ",C,"                                      "
25/01/2021," ",25/01/2021,0340,99015,00550340000073020,870,"Transferência recebida   ","41,80 ",C,"25/01 0340      73020-3 P M J  -  MOVI"
25/01/2021," ",25/01/2021,0000,00000,00000000000000070,345,"BB CP Automatico S P     ","41,80 ",D,"                                      "
28/01/2021," ",28/01/2021,0000,13105,00000000000012801,393,"TED Transf.Eletr.Disponiv","35.194,69 ",D,"237 0150 045780103000150 MUNICIPIO DE "
28/01/2021," ",28/01/2021,0000,13113,00800281100137231,310,"Tar DOC/TED Eletrônico   ","10,45 ",D,"Cobrança referente 28/01/2021         "
28/01/2021," ",28/01/2021,0000,00000,00000000000000070,855,"BB CP Automatico S P     ","35.205,14 ",C,"                                      "
31/01/2021," ",31/01/2021,0000,00000,00000000000000000,999,"S A L D O                ","0,00 ",C,"                                      "
"Extrato Conta Corrente",,,,,,,,,,
Agencia,03409,"Conta corrente",000000736503,,,,,,,
Data,observacao,"Data balancete","Agencia Origem",Lote,"Numero Documento","Cod. Historico",Historico,"Valor R$ ",Inf.,"Detalhamento Hist."
28/01/2021," ",28/01/2021,0000,00000,00000000000000000,000,"Saldo Anterior           ","0,00 ",C,"                                      "
01/02/2021," ",01/02/2021,0000,13105,00000000000020101,393,"TED Transf.Eletr.Disponiv","14.877,00 ",D,"341 6424 003138471000159 MV SERVICOS L"
01/02/2021," ",01/02/2021,0000,13113,00880321100078517,310,"Tar DOC/TED Eletrônico   ","10,45 ",D,"Cobrança referente 01/02/2021         "
01/02/2021," ",01/02/2021,0000,00000,00000000000000070,855,"BB CP Automatico S P     ","14.887,45 ",C,"                                      "
05/02/2021," ",05/02/2021,0340,99015,00550340000073057,470,"Transferência enviada    ","15.284,52 ",D,"05/02 0340      73057-2 P M J PROJ RED"
05/02/2021," ",05/02/2021,0000,00000,00000000000000070,855,"BB CP Automatico S P     ","15.284,52 ",C,"                                      "
09/02/2021," ",09/02/2021,0000,13105,00000000000020901,393,"TED Transf.Eletr.Disponiv","15.417,92 ",D,"237 0150 045780103000150 MUNICIPIO DE "
09/02/2021," ",09/02/2021,0000,13113,00800401100003175,310,"Tar DOC/TED Eletrônico   ","10,45 ",D,"Cobrança referente 09/02/2021         "
09/02/2021," ",09/02/2021,0000,00000,00000000000000070,855,"BB CP Automatico S P     ","15.428,37 ",C,"                                      "
25/02/2021," ",25/02/2021,0340,99015,00550340000073020,870,"Transferência recebida   ","20,90 ",C,"25/02 0340      73020-3 P M J  -  MOVI"
25/02/2021," ",25/02/2021,0000,13105,00000000000022501,393,"TED Transf.Eletr.Disponiv","31.448,48 ",D,"237 0150 045780103000150 MUNICIPIO DE "
25/02/2021," ",25/02/2021,0000,13113,00820561200501659,310,"Tar DOC/TED Eletrônico   ","10,45 ",D,"Cobrança referente 25/02/2021         "
25/02/2021," ",25/02/2021,0000,00000,00000000000000070,855,"BB CP Automatico S P     ","31.438,03 ",C,"                                      "
28/02/2021," ",28/02/2021,0000,00000,00000000000000000,999,"S A L D O                ","0,00 ",C,"                                      "
"Extrato Conta Corrente",,,,,,,,,,
Agencia,03409,"Conta corrente",000000736503,,,,,,,
Data,observacao,"Data balancete","Agencia Origem",Lote,"Numero Documento","Cod. Historico",Historico,"Valor R$ ",Inf.,"Detalhamento Hist."
25/02/2021," ",25/02/2021,0000,00000,00000000000000000,000,"Saldo Anterior           ","0,00 ",C,"                                      "
05/03/2021," ",05/03/2021,0000,13105,00000000000030501,393,"TED Transf.Eletr.Disponiv","1.317,00 ",D,"237 0150 032611181000189 CANTIRELLA - "
05/03/2021," ",05/03/2021,0000,13105,00000000000030502,393,"TED Transf.Eletr.Disponiv","6.719,84 ",D,"341 0285 016972496000103 BIAFURQUI'S I"
05/03/2021," ",05/03/2021,0000,13105,00000000000030503,393,"TED Transf.Eletr.Disponiv","1.090,00 ",D,"033 0303 004861300000116 DI BLASIO E C"
05/03/2021," ",05/03/2021,0000,13105,00000000000030504,393,"TED Transf.Eletr.Disponiv","1.950,00 ",D,"033 0784 006297952000103 M3 TECNOLOGIA"
05/03/2021," ",05/03/2021,0000,13113,00820641200082578,310,"Tar DOC/TED Eletrônico   ","10,45 ",D,"Cobrança referente 05/03/2021         "
05/03/2021," ",05/03/2021,0000,13113,00820641200082579,310,"Tar DOC/TED Eletrônico   ","10,45 ",D,"Cobrança referente 05/03/2021         "
05/03/2021," ",05/03/2021,0000,13113,00820641200082580,310,"Tar DOC/TED Eletrônico   ","10,45 ",D,"Cobrança referente 05/03/2021         "
05/03/2021," ",05/03/2021,0000,13113,00820641200082581,310,"Tar DOC/TED Eletrônico   ","10,45 ",D,"Cobrança referente 05/03/2021         "
05/03/2021," ",05/03/2021,0000,00000,00000000000000070,855,"BB CP Automatico S P     ","11.118,64 ",C,"                                      "
09/03/2021," ",09/03/2021,0340,99015,00550340000073020,870,"Transferência recebida   ","15.284,52 ",C,"09/03 0340      73020-3 P M J  -  MOVI"
09/03/2021," ",09/03/2021,0340,99015,00550340000073020,470,"Transferência enviada    ","2.523,00 ",D,"09/03 0340      73020-3 P M J  -  MOVI"
09/03/2021," ",09/03/2021,0000,00000,00000000000000070,345,"BB CP Automatico S P     ","12.761,52 ",D,"                                      "
19/03/2021," ",19/03/2021,0000,13105,00000000000031901,393,"TED Transf.Eletr.Disponiv","15.417,92 ",D,"237 0150 045780103000150 MUNICIPIO DE "
19/03/2021," ",19/03/2021,0000,13113,00840781100281324,310,"Tar DOC/TED Eletrônico   ","10,45 ",D,"Cobrança referente 19/03/2021         "
19/03/2021," ",19/03/2021,0000,00000,00000000000000070,855,"BB CP Automatico S P     ","15.428,37 ",C,"                                      "
23/03/2021," ",23/03/2021,0340,99015,00550340000073020,870,"Transferência recebida   ","31,35 ",C,"23/03 0340      73020-3 P M J  -  MOVI"
23/03/2021," ",23/03/2021,0000,13105,00000000000032301,393,"TED Transf.Eletr.Disponiv","17.052,00 ",D,"341 6424 003138471000159 MV SERVICOS L"
23/03/2021," ",23/03/2021,0000,13113,00800821100237997,310,"Tar DOC/TED Eletrônico   ","10,45 ",D,"Cobrança referente 23/03/2021         "
23/03/2021," ",23/03/2021,0000,00000,00000000000000070,855,"BB CP Automatico S P     ","17.031,10 ",C,"                                      "
29/03/2021," ",29/03/2021,0000,13105,00000000000032901,393,"TED Transf.Eletr.Disponiv","31.577,28 ",D,"237 0150 045780103000150 MUNICIPIO DE "
29/03/2021," ",29/03/2021,0000,13113,00800881100016282,310,"Tar DOC/TED Eletrônico   ","10,45 ",D,"Cobrança referente 29/03/2021         "
29/03/2021," ",29/03/2021,0000,00000,00000000000000070,855,"BB CP Automatico S P     ","31.587,73 ",C,"                                      "
31/03/2021," ",31/03/2021,0000,00000,00000000000000000,999,"S A L D O                ","0,00 ",C,"                                      "
"Extrato Conta Corrente",,,,,,,,,,
Agencia,03409,"Conta corrente",000000736503,,,,,,,
Data,observacao,"Data balancete","Agencia Origem",Lote,"Numero Documento","Cod. Historico",Historico,"Valor R$ ",Inf.,"Detalhamento Hist."
29/03/2021," ",29/03/2021,0000,00000,00000000000000000,000,"Saldo Anterior           ","0,00 ",C,"                                      "
06/04/2021," ",06/04/2021,0000,13105,00000000000040601,393,"TED Transf.Eletr.Disponiv","17.052,00 ",D,"341 6424 003138471000159 MV SERVICOS L"
06/04/2021," ",06/04/2021,0000,13113,00820961200079789,310,"Tar DOC/TED Eletrônico   ","10,45 ",D,"Cobrança referente 06/04/2021         "
06/04/2021," ",06/04/2021,0000,00000,00000000000000070,855,"BB CP Automatico S P     ","17.062,45 ",C,"                                      "
08/04/2021," ",08/04/2021,0340,99015,00553570000040327,470,"Transferência enviada    ","3.200,31 ",D,"08/04 3570      40327-X CANTIRELLA - C"
08/04/2021," ",08/04/2021,0000,00000,00000000000000070,855,"BB CP Automatico S P     ","3.200,31 ",C,"                                      "
14/04/2021," ",14/04/2021,0000,13105,00000000000041401,393,"TED Transf.Eletr.Disponiv","12.882,76 ",D,"237 0150 045780103000150 MUNICIPIO DE "
14/04/2021," ",14/04/2021,0000,13113,00891041100029219,310,"Tar DOC/TED Eletrônico   ","10,45 ",D,"Cobrança referente 14/04/2021         "
14/04/2021," ",14/04/2021,0000,00000,00000000000000070,855,"BB CP Automatico S P     ","12.893,21 ",C,"                                      "
26/04/2021," ",26/04/2021,0340,99015,00550340000073020,870,"Transferência recebida   ","73,15 ",C,"26/04 0340      73020-3 P M J  -  MOVI"
26/04/2021," ",26/04/2021,0000,00000,00000000000000070,345,"BB CP Automatico S P     ","73,15 ",D,"                                      "
29/04/2021," ",29/04/2021,0000,13105,00000000000042901,393,"TED Transf.Eletr.Disponiv","25.425,93 ",D,"237 0150 045780103000150 MUNICIPIO DE "
29/04/2021," ",29/04/2021,0000,13113,00891191100053962,310,"Tar DOC/TED Eletrônico   ","10,45 ",D,"Cobrança referente 29/04/2021         "
29/04/2021," ",29/04/2021,0000,00000,00000000000000070,855,"BB CP Automatico S P     ","25.436,38 ",C,"                                      "
30/04/2021," ",30/04/2021,0000,00000,00000000000000000,999,"S A L D O                ","0,00 ",C,"                                      "
"Extrato Conta Corrente",,,,,,,,,,
Agencia,03409,"Conta corrente",000000736511,,,,,,,
Data,observacao,"Data balancete","Agencia Origem",Lote,"Numero Documento","Cod. Historico",Historico,"Valor R$ ",Inf.,"Detalhamento Hist."
"Sem lançamentos",,,,,,,,,,
"Extrato Conta Corrente",,,,,,,,,,
Agencia,03409,"Conta corrente",000000736511,,,,,,,
Data,observacao,"Data balancete","Agencia Origem",Lote,"Numero Documento","Cod. Historico",Historico,"Valor R$ ",Inf.,"Detalhamento Hist."
"Sem lançamentos",,,,,,,,,,
"Extrato Conta Corrente",,,,,,,,,,
Agencia,03409,"Conta corrente",000000736511,,,,,,,
Data,observacao,"Data balancete","Agencia Origem",Lote,"Numero Documento","Cod. Historico",Historico,"Valor R$ ",Inf.,"Detalhamento Hist."
01/05/2020," ",01/05/2020,0000,00000,00000000000000000,000,"Saldo Anterior           ","0,00 ",C,"                                      "
12/05/2020," ",12/05/2020,0000,14056,00001790520000022,632,"Ordem Bancária           ","74.520,00 ",C,"                                      "
12/05/2020," ",12/05/2020,0000,00000,00000000000000070,345,"BB CP Automatico S P     ","74.520,00 ",D,"                                      "
31/05/2020," ",31/05/2020,0000,00000,00000000000000000,345,"S A L D O                ","0,00 ",C,"                                      "
"Extrato Conta Corrente",,,,,,,,,,
Agencia,03409,"Conta corrente",000000736511,,,,,,,
Data,observacao,"Data balancete","Agencia Origem",Lote,"Numero Documento","Cod. Historico",Historico,"Valor R$ ",Inf.,"Detalhamento Hist."
12/05/2020," ",12/05/2020,0000,00000,00000000000000000,000,"Saldo Anterior           ","0,00 ",C,"                                      "
24/06/2020," ",24/06/2020,0000,14056,00002386581000077,632,"Ordem Bancária           ","74.520,00 ",C,"                                      "
24/06/2020," ",24/06/2020,0000,00000,00000000000000070,345,"BB CP Automatico S P     ","74.520,00 ",D,"                                      "
30/06/2020," ",30/06/2020,0000,00000,00000000000000000,345,"S A L D O                ","0,00 ",C,"                                      "
"Extrato Conta Corrente",,,,,,,,,,
Agencia,03409,"Conta corrente",000000736511,,,,,,,
Data,observacao,"Data balancete","Agencia Origem",Lote,"Numero Documento","Cod. Historico",Historico,"Valor R$ ",Inf.,"Detalhamento Hist."
24/06/2020," ",24/06/2020,0000,00000,00000000000000000,000,"Saldo Anterior           ","0,00 ",C,"                                      "
31/07/2020," ",31/07/2020,0000,00000,00000000000000000,000,"S A L D O                ","0,00 ",C,"                                      "
"Extrato Conta Corrente",,,,,,,,,,
Agencia,03409,"Conta corrente",000000736511,,,,,,,
Data,observacao,"Data balancete","Agencia Origem",Lote,"Numero Documento","Cod. Historico",Historico,"Valor R$ ",Inf.,"Detalhamento Hist."
24/06/2020," ",24/06/2020,0000,00000,00000000000000000,000,"Saldo Anterior           ","0,00 ",C,"                                      "
31/08/2020," ",31/08/2020,0000,00000,00000000000000000,000,"S A L D O                ","0,00 ",C,"                                      "
"Extrato Conta Corrente",,,,,,,,,,
Agencia,03409,"Conta corrente",000000736511,,,,,,,
Data,observacao,"Data balancete","Agencia Origem",Lote,"Numero Documento","Cod. Historico",Historico,"Valor R$ ",Inf.,"Detalhamento Hist."
24/06/2020," ",24/06/2020,0000,00000,00000000000000000,000,"Saldo Anterior           ","0,00 ",C,"                                      "
30/09/2020," ",30/09/2020,0000,00000,00000000000000000,000,"S A L D O                ","0,00 ",C,"                                      "
"Extrato Conta Corrente",,,,,,,,,,
Agencia,03409,"Conta corrente",000000736511,,,,,,,
Data,observacao,"Data balancete","Agencia Origem",Lote,"Numero Documento","Cod. Historico",Historico,"Valor R$ ",Inf.,"Detalhamento Hist."
24/06/2020," ",24/06/2020,0000,00000,00000000000000000,000,"Saldo Anterior           ","0,00 ",C,"                                      "
13/10/2020," ",13/10/2020,0000,99015,00551192000108870,470,"Transferência enviada    ","547,20 ",D,"                                      "
13/10/2020," ",13/10/2020,0000,00000,00000000000000070,855,"BB CP Automatico S P     ","547,20 ",C,"                                      "
28/10/2020," ",28/10/2020,0000,13105,00000000000102801,393,"TED Transf.Eletr.Disponiv","36,74 ",D,"                                      "
28/10/2020," ",28/10/2020,0000,13113,00823020903854933,310,"Tar DOC/TED Eletrônico   ","10,45 ",D,"                                      "
28/10/2020," ",28/10/2020,0000,00000,00000000000000070,855,"BB CP Automatico S P     ","47,19 ",C,"                                      "
31/10/2020," ",31/10/2020,0000,00000,00000000000000000,855,"S A L D O                ","0,00 ",C,"                                      "
"Extrato Conta Corrente",,,,,,,,,,
Agencia,03409,"Conta corrente",000000736511,,,,,,,
Data,observacao,"Data balancete","Agencia Origem",Lote,"Numero Documento","Cod. Historico",Historico,"Valor R$ ",Inf.,"Detalhamento Hist."
28/10/2020," ",28/10/2020,0000,00000,00000000000000000,000,"Saldo Anterior           ","0,00 ",C,"                                      "
18/11/2020," ",18/11/2020,0340,99015,00551192000108870,470,"Transferência enviada    ","1.560,00 ",D,"18/11 1192     108870-X GRANFOOD ALIME"
18/11/2020," ",18/11/2020,0000,00000,00000000000000070,855,"BB CP Automatico S P     ","1.560,00 ",C,"                                      "
19/11/2020," ",19/11/2020,0340,99015,00550340000073020,870,"Transferência recebida   ","10,45 ",C,"19/11 0340      73020-3 P M J  -  MOVI"
19/11/2020," ",19/11/2020,0000,00000,00000000000000070,345,"BB CP Automatico S P     ","10,45 ",D,"                                      "
26/11/2020," ",26/11/2020,0000,13105,00000000000112601,393,"TED Transf.Eletr.Disponiv","230,46 ",D,"748 0738 010735567000160 SAGAFFARI COM"
26/11/2020," ",26/11/2020,0000,13113,00803311100054673,310,"Tar DOC/TED Eletrônico   ","10,45 ",D,"Cobrança referente 26/11/2020         "
26/11/2020," ",26/11/2020,0000,00000,00000000000000070,855,"BB CP Automatico S P     ","240,91 ",C,"                                      "
30/11/2020," ",30/11/2020,0000,00000,00000000000000000,999,"S A L D O                ","0,00 ",C,"                                      "
"Extrato Conta Corrente",,,,,,,,,,
Agencia,03409,"Conta corrente",000000736511,,,,,,,
Data,observacao,"Data balancete","Agencia Origem",Lote,"Numero Documento","Cod. Historico",Historico,"Valor R$ ",Inf.,"Detalhamento Hist."
26/11/2020," ",26/11/2020,0000,00000,00000000000000000,000,"Saldo Anterior           ","0,00 ",C,"                                      "
04/12/2020," ",04/12/2020,0340,99015,00551192000108870,470,"Transferência enviada    ","1.560,00 ",D,"04/12 1192     108870-X GRANFOOD ALIME"
04/12/2020," ",04/12/2020,0000,00000,00000000000000070,855,"BB CP Automatico S P     ","1.560,00 ",C,"                                      "
10/12/2020," ",10/12/2020,0340,99015,00551192000108870,470,"Transferência enviada    ","1.560,00 ",D,"10/12 1192     108870-X GRANFOOD ALIME"
10/12/2020," ",10/12/2020,0000,00000,00000000000000070,855,"BB CP Automatico S P     ","1.560,00 ",C,"                                      "
28/12/2020," ",28/12/2020,0000,13105,00000000000122801,393,"TED Transf.Eletr.Disponiv","167,04 ",D,"033 3822 013524344000141 DNA COMERCIO "
28/12/2020," ",28/12/2020,0000,13113,00883631100001072,310,"Tar DOC/TED Eletrônico   ","10,45 ",D,"Cobrança referente 28/12/2020         "
28/12/2020," ",28/12/2020,0000,00000,00000000000000070,855,"BB CP Automatico S P     ","177,49 ",C,"                                      "
31/12/2020," ",31/12/2020,0000,00000,00000000000000000,999,"S A L D O                ","0,00 ",C,"                                      "
"Extrato Conta Corrente",,,,,,,,,,
Agencia,03409,"Conta corrente",000000736511,,,,,,,
Data,observacao,"Data balancete","Agencia Origem",Lote,"Numero Documento","Cod. Historico",Historico,"Valor R$ ",Inf.,"Detalhamento Hist."
28/12/2020," ",28/12/2020,0000,00000,00000000000000000,000,"Saldo Anterior           ","0,00 ",C,"                                      "
25/01/2021," ",25/01/2021,0340,99015,00550340000073020,870,"Transferência recebida   ","20,90 ",C,"25/01 0340      73020-3 P M J  -  MOVI"
25/01/2021," ",25/01/2021,0000,00000,00000000000000070,345,"BB CP Automatico S P     ","20,90 ",D,"                                      "
31/01/2021," ",31/01/2021,0000,00000,00000000000000000,999,"S A L D O                ","0,00 ",C,"                                      "
"Extrato Conta Corrente",,,,,,,,,,
Agencia,03409,"Conta corrente",000000736511,,,,,,,
Data,observacao,"Data balancete","Agencia Origem",Lote,"Numero Documento","Cod. Historico",Historico,"Valor R$ ",Inf.,"Detalhamento Hist."
25/01/2021," ",25/01/2021,0000,00000,00000000000000000,000,"Saldo Anterior           ","0,00 ",C,"                                      "
28/02/2021," ",28/02/2021,0000,00000,00000000000000000,000,"S A L D O                ","0,00 ",C,"                                      "
"Extrato Conta Corrente",,,,,,,,,,
Agencia,03409,"Conta corrente",000000736511,,,,,,,
Data,observacao,"Data balancete","Agencia Origem",Lote,"Numero Documento","Cod. Historico",Historico,"Valor R$ ",Inf.,"Detalhamento Hist."
25/01/2021," ",25/01/2021,0000,00000,00000000000000000,000,"Saldo Anterior           ","0,00 ",C,"                                      "
19/03/2021," ",19/03/2021,0340,99015,00551192000108870,470,"Transferência enviada    ","1.560,00 ",D,"19/03 1192     108870-X GRANFOOD ALIME"
19/03/2021," ",19/03/2021,0000,00000,00000000000000070,855,"BB CP Automatico S P     ","1.560,00 ",C,"                                      "
31/03/2021," ",31/03/2021,0000,00000,00000000000000000,999,"S A L D O                ","0,00 ",C,"                                      "
"Extrato Conta Corrente",,,,,,,,,,
Agencia,03409,"Conta corrente",000000736511,,,,,,,
Data,observacao,"Data balancete","Agencia Origem",Lote,"Numero Documento","Cod. Historico",Historico,"Valor R$ ",Inf.,"Detalhamento Hist."
19/03/2021," ",19/03/2021,0000,00000,00000000000000000,000,"Saldo Anterior           ","0,00 ",C,"                                      "
30/04/2021," ",30/04/2021,0000,00000,00000000000000000,000,"S A L D O                ","0,00 ",C,"                                      "
